2199 2762
919 157 1163 185 .—..—...—
1891 175 1946 219 ¹3

310 275 508 316 „saetas-it
534 275 617 311 fusa
644 276 714 311 sed
739 285 855 324 caput
881 284 971 311 ante
999 281 1146 312 coma“

379 347 438 391 (ut
468 355 573 380 recte
609 346 750 394 legitur
781 346 996 381 secundum
1030 344 1272 394 Schligerum
1308 345 1348 381 et
1383 347 1460 395 ing
1473 348 1632 396 Heyne,
1672 352 1715 385 in
1751 351 1941 391 Observat

499 429 526 463 p
574 419 668 463 123.)

315 484 433 521 Vnde
468 485 628 522 fanatici
664 485 886 534 hariolique
914 487 1044 520 cuncti
1070 483 1300 520 fundendae
1328 484 1621 536 vibrandaeque
1647 502 1784 528 comae
1808 498 1944 543 gratia,

139 556 322 604 capillum
348 568 665 594 rnofflTTEnAnr,
702 555 778 590 hoc
806 564 863 590 est
888 567 933 589 ex
960 555 1093 589 Nonio
1121 553 1172 588 ad
1199 554 1428 603 Virgilium,
1464 557 1514 591 ad
1542 562 1849 607 magnitudinem
1877 579 1950 601 nu-

139 627 332 668 utebant3
383 635 421 660 et
446 638 508 661 me
535 626 692 674 quidem
717 625 867 667 iudice,
909 623 1189 673 relinquebant
1221 626 1412 661 incomtas
1441 627 1764 679 pendentesque,
1807 644 1851 670 ut
1885 649 1949 672 ca-

137 701 219 747 pite
256 699 296 732 in
327 695 496 732 rotando
531 707 579 732 eo
613 694 772 731 liberius
810 694 1031 730 volitarent.
1082 693 1141 729 Ita
1169 693 1327 730 Plautus
1356 697 1398 731 in
1425 695 1619 735 Rudente.
1651 702 1810 743 Aetsu.
1835 706 1950 747 Scen.

139 768 202 803 HL
239 779 272 801 v.
297 767 361 812 46,

384 861 407 877 ‚,
425 834 618 881 Capillum
645 836 869 883 promittam
890 835 1174 881 *optumum'st2
1197 835 1469 883 occipiamque
1496 837 1664 874 ariolari.
1679 843 1704 864 ‘1

143 907 246 942 Ante
283 907 435 943 omnia,
480 905 683 945 Lucanus,
731 904 781 940 de
815 902 921 939 bello
951 903 1064 939 Civili
1089 901 1175 941 Lib.
1197 903 1247 941 V.
1282 922 1325 933 —
1365 904 1557 941 Coloniae
1583 908 1692 955 apud
1717 909 1949 960 Gymnicus„

145 984 252 1023 1537.
277 988 315 1023 p.
346 976 430 1011 126.
458 978 499 1009 in
525 975 550 1009 f.
581 987 665 1022 127·

626 1064 673 1075 -—
699 1045 838 1091 irrupit
866 1041 996 1079 Paean
1024 1050 1275 1091 mentemque
1301 1044 1473 1090 priorem

328 1114 538 1161 ‚‚Expulit,
574 1122 690 1161 atque
719 1112 914 1148 hominem
943 1119 1028 1146 toto
1055 1110 1128 1146 sibi
1155 1111 1295 1146 cedere
1322 1114 1463 1147 iussit«

325 1185 549 1227 „Pectore,
581 1182 794 1218 bacchatur
819 1182 977 1217 demens
1006 1180 1134 1216 aliena
1159 1193 1231 1227 per
1257 1188 1447 1216 antrum“

327 1253 475 1296 „Colla
502 1253 651 1295 ferens,
690 1255 882 1300 vittasque
908 1250 992 1290 dei,
1029 1248 1294 1299 Phoebeaque
1321 1257 1485 1292 serta,“

327 1335 511 1365 „cnaeus
540 1323 706 1356 discussa
738 1333 849 1356 coms
878 1333 951 1367 per
974 1323 1106 1354 inania
1136 1321 1307 1367 templi“

326 1405 533 1435 „Ancn’rrss
565 1404 720 1429 cznvmr.
746 1394 918 1429 no'rAT.“

301 1463 460 1511 Quanta
499 1466 675 1509 picturae
711 1459 967 1507 colorumque
1005 1467 1044 1494 et
1079 1462 1157 1495 vita
1193 1469 1232 1495 et
1265 1458 1442 1495 ubertas!
1484 1459 1609 1509 qualis
1633 1462 1846 1510 imaginum
1871 1475 1956 1502 non

150 1532 338 1582 splendor
363 1533 508 1573 modo,
551 1532 619 1567 sed
646 1534 763 1566 etiam
789 1533 929 1565 veritas
960 1541 1005 1564 ac
1034 1530 1254 1578 diligentia;
1309 1530 1443 1572 Colla,
1483 1533 1595 1578 quasi
1629 1531 1779 1572 aliena,
1823 1533 1956 1571 divino

153 1603 299 1640 adflatu
323 1603 429 1639 velut
456 1602 624 1638 alienata
652 1614 674 1636 a
703 1603 837 1648 capitis
864 1602 1070 1648 truncique
1099 1603 1319 1640 consortio,
1350 1613 1434 1638 non
1459 1600 1624 1648 amplius
1650 1601 1861 1639 voluntatis
1889 1604 1960 1640 hu-

152 1676 293 1710 manae
330 1672 490 1708 arbitrio
523 1681 684 1720 parent,
727 1670 800 1707 sed
834 1679 997 1712 nutant,
1036 1669 1104 1705 sed
1138 1668 1187 1705 ab
1222 1672 1344 1706 inscio
1370 1673 1573 1720 invitoque
1598 1673 1804 1708 iactantur.
1858 1674 1959 1710 Cum

150 1746 283 1784 vittis,
328 1755 414 1778 cum
449 1744 582 1783 sertis,
624 1754 712 1776 cum
748 1743 868 1775 cornis
906 1752 1086 1775 HORRORE
1123 1743 1259 1776 erectis
1295 1750 1446 1776 rotatur
1482 1744 1705 1776 universum
1740 1752 1878 1790 caput,
1919 1753 1963 1780 ut

153 1815 313 1860 ancipiti
354 1813 493 1848 cervici
529 1813 765 1859 impositum.
814 1809 962 1852 „Adeo
999 1811 1145 1844 iactare
1179 1811 1241 1853 id,
1288 1820 1325 1846 et
1360 1822 1489 1846 comas
1524 1815 1782 1847 excutientem
1819 1822 1963 1856 rotare,

153 1865 366 1920 ramucvu
401 1891 482 1923 est:
529 1890 571 1916 ut
607 1879 893 1929 Quinctilianus
931 1879 1007 1919 ait,
1061 1877 1155 1915 Inst.
1191 1880 1299 1916 Orat.
1334 1879 1419 1924 Lib,
1446 1880 1513 1915 XI.
1550 1881 1646 1929 Cap.
1671 1880 1736 1917 111.
1771 1881 1846 1921 Ed.
1879 1883 1967 1932 Bip.

153 1953 245 1990 Vol.
271 1952 321 1990 Π.
350 1965 390 2001 p.
416 1961 492 2000 309

992 2094 1026 2136 ς.
1069 2089 1137 2126 VI.

336 2160 501 2210 Duplex·
528 2169 658 2199 autem
693 2161 966 2198 Fanalicorum
1002 2142 1266 2211 genuletus
1300 2145 1437 2194 noster
1469 2157 1663 2200 exhibuit,
1703 2169 1824 2196 unum
1858 2162 1969 2213 quod

154 2230 273 2266 solius
319 2233 437 2266 animi
470 2232 562 2266 vitio
597 2230 755 2267 laborat
778 2213 908 2280 ratque
940 2230 1121 2270 luxuria;
1171 2229 1360 2270 alterum,
1405 2229 1515 2277 quod
1548 2240 1713 2276 corpore
1738 2232 1845 2266 utiur
1870 2243 1968 2268 vere

152 2299 352 2338 morboso.
411 2301 582 2336 Huiusce
611 2305 764 2350 generis
791 2301 980 2350 figuram,
1023 2309 1239 2349 notamque
1275 2300 1528 2341 exteriorem,
1563 2302 1606 2336 in
1629 2312 1793 2337 Ansva
1819 2303 1973 2351 quaesi-

155 2373 211 2406 vit
243 2372 379 2418 capitis
405 2372 643 2414 iactatione,
683 2373 836 2420 quippe
859 2373 1102 2414 existimans,
1146 2382 1232 2406 eum
1260 2368 1498 2412 fanaticum,
1545 2372 1614 2419 qui
1638 2382 1718 2406 non
1743 2383 1885 2409 marn
1911 2385 1976 2409 ca-

156 2450 229 2494 put
253 2443 414 2479 iactaret
423 2467 438 2494 ³.
477 2440 602 2494 nihilo
625 2444 753 2481 minus
782 2454 864 2482 esse
893 2454 1045 2495 sanum.
1104 2442 1232 2494 *Cuius
1258 2443 1342 2491 κεί,ζ
1381 2453 1483 2491 quae
1510 2441 1562 2478 ad
1586 2444 1761 2481 intimam
1787 2455 1974 2480 summam
