2215 2794
901 161 1143 218 ’-·““·“Ξ·“-“.-·“
1875 171 1933 213 45

971 270 1074 317 §.L

246 365 248 367 ·
292 345 383 381 Sole
409 343 548 381 clarius
575 349 652 381 est,
687 338 798 389 quod
821 337 956 375 Labeo
981 340 1157 380 monuit,
1190 340 1296 376 inter
1320 338 1633 380 commodatum,
1663 339 1929 389 utendumque

115 417 273 458 uatum,
303 422 455 451 tantum
481 416 688 453 interesse,
724 418 916 460 quantum
940 412 1046 445 inter
1064 421 1191 460 genus
1221 418 1260 446 et
1282 412 1462 459 speciem.
1512 409 1670 444 Etenim
1698 422 1838 447 vrmsm
1863 423 1929 460 ge-

113 485 257 524 neralis
288 495 346 523 est
378 482 623 533 adpellati03
667 488 711 516 ut
734 482 945 517 rectissime
973 479 1196 516 observavit
1216 479 1417 517 ‘Barnabas
1442 481 1683 522 Brissonius,
1727 492 1756 516 s.
1783 493 1818 518 v.
1843 480 1930 519 VII.

115 557 212 595 Nro.
242 563 300 600 18.
326 556 514 605 quoniam
542 560 581 587 et
602 561 663 589 res
687 563 904 595 anv‘rmma,
939 550 1060 585 veluti
1085 552 1276 598 pecunia,
1315 559 1456 585 mutuo
1486 550 1598 591 data,
1645 550 1755 585 audit
1779 563 1928 587 vanna

117 640 219 664 DATA
252 627 278 662 1.
300 640 336 667 2.
361 626 412 660 D.
447 624 498 658 de
526 621 703 658 Caluum.
740 622 816 668 (111.
841 623 894 669 6.)
920 624 1109 671 quoniam
1131 621 1276 657 eodem
1300 625 1464 657 nomine
1493 630 1532 655 et
1558 634 1618 656 res
1647 633 1840 657 FRVENDAS
1867 634 1931 656 ve-

117 699 257 737 niunt,
302 694 555 742 utendaeque
580 692 725 734 modo;
765 704 841 728 nec
867 692 1027 727 tandem
1049 692 1277 728 discrimine
1297 691 1437 739 aliquo
1464 690 1599 727 habito
1613 716 1625 733 ‚
1659 701 1843 727 utrumne
1867 704 1929 728 res

121 767 214 802 data
237 767 286 802 sit
310 776 460 802 vrmma
487 761 602 798 titulo
628 764 828 812 gratuito,
860 773 916 798 an
938 761 1142 798 oneroso?
1192 760 1238 796 In
1265 760 1405 810 quibus
1427 763 1580 796 cunctis
1609 763 1794 797 arctiores
1821 770 1929 797 tenet

120 836 261 871 limites
295 844 566 871 counonnvn
591 831 623 874 ,1.
648 838 689 875 3.
725 832 758 881 ξ.
778 833 813 869 6.
847 830 885 869 h.
911 840 939 869 t.
1004 831 1132 875 „Non
1164 839 1298 879 potest
1327 830 1571 867 commodari
1604 830 1666 872 id,
1711 831 1821 880 quod
1858 844 1931 867 usu

119 931 145 949 ,‚
158 907 416 947 consumitur,
449 906 523 939 nisi
548 903 652 938 forte
677 902 729 937 ad
753 914 942 950 pompam
963 901 1029 937 vel
1050 904 1358 937 ostentationem
1382 904 1469 950 quis
1497 904 1723 949 accipiat,“
1755 905 1868 938 sicuti
1894 913 1934 938 et

121 974 412 1011 commodatum
436 986 518 1008 non
543 973 664 1008 modo
690 973 743 1008 ad
763 975 974 1021 gratuitam
999 974 1294 1008 concessionem
1319 975 1560 1015 restrictum,
1595 972 1665 1007 sed
1692 976 1807 1008 etiam
1837 976 1932 1009 certi

121 1046 306 1091 temporis
340 1043 402 1078 vel
433 1055 522 1079 usus
551 1042 713 1079 finiendi
748 1041 1018 1078 additamento
1046 1040 1100 1076 ab
1128 1043 1214 1089 ipso
1242 1042 1423 1077 Precario
1452 1041 1684 1078 distinctum.
1734 1042 1874 1092 Itaque
1900 1046 1932 1080 si

122 1115 311 1150 Pacuaius
346 1112 571 1151 docuisset,
619 1122 737 1147 unam
769 1111 1017 1159 eandemque
1045 1122 1131 1146 rem
1156 1122 1243 1146 -esse
1274 1111 1564 1147 commodatam
1598 1112 1779 1148 datamve
1819 1122 1934 1149 uten-

126 1182 235 1224 dam;
274 1181 441 1230 graviter
465 1181 603 1228 utique
626 1187 845 1227 peccasset;
889 1179 935 1215 id
968 1177 1080 1228 quod
1116 1186 1247 1215 tamen
1281 1191 1326 1215 ex
1351 1179 1524 1227 Ulpiano
1556 1191 1641 1217 non
1672 1180 1822 1230 liquet,
1861 1182 1932 1218 sed

124 1251 245 1286 modo
282 1258 539 1286 commutasse
573 1251 677 1284 inter
708 1262 751 1285 se
782 1248 977 1285 vocabula
1009 1248 1247 1291 Pacuvium,
1284 1261 1366 1285 uno
1403 1249 1576 1285 alterove
1607 1249 1712 1286 loco.
1772 1251 1931 1299 Optime

124 1321 337 1356 Antistius:
376 1321 418 1354 in
444 1330 706 1366 unoquoque,
725 1321 807 1371 μὴ,
841 1318 1090 1354 commodato
1117 1329 1176 1354 res
1204 1318 1319 1354 alteri
1346 1318 1437 1354 data
1465 1328 1522 1354 est
1547 1331 1708 1355 vrauna.
1758 1320 1843 1356 Nec
1879 1329 1936 1357 ta-

126 1403 217 1426 men
241 1403 314 1432 res,
342 1388 454 1424 alteri
479 1388 627 1431 utenda
653 1388 765 1429 data,
791 1400 947 1437 semper
971 1386 1091 1425 efficit
1116 1399 1398 1432 conuonnvm,
1426 1389 1497 1425 sed
1521 1391 1675 1437 saepius
1702 1394 1934 1437 precarium,

125 1464 363 1499 locationem
398 1457 703 1497 conductionem
721 1484 735 1507 ἔ
781 1460 1005 1496 servitutem
1036 1457 1172 1495 ultima
1204 1457 1406 1496 voluntate
1441 1461 1718 1510 constitutam4
1762 1469 1802 1497 et
1834 1473 1938 1510 quae

131 1539 221 1570 sunt
246 1528 398 1569 similia.

990 1669 1024 1717 §.
1057 1669 1103 1705 11.

309 1735 441 1786 Pergit
466 1746 596 1772 autem
621 1736 778 1773 Labeo:
811 1741 1092 1779 „commodari
1118 1752 1199 1775 rem
1225 1737 1433 1780 mobilem,
1466 1750 1550 1775 non
1577 1743 1692 1775 etiam
1719 1742 1843 1778 soli.“
1894 1741 1939 1776 In

132 1811 367 1846 contrariam
398 1815 550 1854 partem
589 1806 769 1842 abierunt
800 1806 1028 1850 Sabiniani;
1071 1821 1288 1856 eorumque
1319 1811 1553 1845 sententiam
1586 1810 1706 1857 plene
1740 1810 1944 1858 adoptavit

129 1879 338 1926 Ulpianus.
389 1877 502 1924 Quae
546 1885 585 1912 et
616 1875 735 1911 hodie
769 1879 1006 1913 communis!
1061 1878 1139 1913 Sed
1178 1877 1285 1913 unde
1327 1876 1525 1915 Labeonis
1567 1881 1733 1928 opinio?
1789 1879 1941 1929 Quibus

131 1952 254 1987 causis
281 1948 446 1984 innixa?
483 1945 715 1995 quibusnam
742 1949 977 1996 argumentis
1003 1946 1210 1984 subtilibus
1239 1947 1444 1984 colorata?

316 2016 456 2054 Christ.
494 2017 617 2057 Henr.
647 2016 866 2067 Breuning‚
907 2017 958 2054 de
991 2019 1241 2055 commodato
1279 2020 1337 2054 rei
1374 2018 1659 2067 incorporalis,
1703 2019 1807 2068 Lips.
1839 2021 1949 2069 1769.

132 2089 165 2136 §.
185 2086 238 2128 11.
287 2086 605 2136 „Argumentum
633 2086 792 2122 ductum
819 2099 842 2122 a
869 2093 1064 2124 communi
1089 2090 1223 2125 forsan
1247 2088 1440 2137 loquendi
1466 2100 1622 2138 genere.
1632 2094 1659 2111 “
1708 2090 1949 2139 Neutiquam

133 2167 266 2210 tamen
291 2157 418 2192 tenuis
444 2154 543 2191 haec
570 2165 609 2192 et
636 2157 816 2208 ambigua
840 2159 1037 2196 Labeonis
1063 2160 1181 2196 fuisse
1206 2159 1359 2194 videtur
1384 2156 1507 2200 ratio;
1534 2159 1603 2193 sed
1630 2159 1743 2195 altius
1771 2172 1818 2195 ex
1845 2174 1951 2198 com-

132 2227 284 2264 modati
307 2227 467 2276 ingenio
496 2224 647 2265 hausta.
711 2229 973 2266 Commodare
999 2230 1167 2266 solemus
1194 2242 1253 2266 res
1278 2241 1409 2279 neque
1438 2227 1679 2272 abutendas,
1707 2241 1842 2280 neque
1868 2232 1950 2268 fru-

135 2296 277 2340 endas,
306 2295 376 2332 sed
399 2295 520 2333 modo
537 2291 731 2342 ⁷utendas3
767 2312 828 2346 eo,
856 2302 1030 2352 inquam,
1055 2310 1112 2344 ut,
1136 2301 1241 2338 salva
1267 2303 1323 2336 rei
1346 2299 1519 2335 utendae
1545 2298 1764 2338 substantia
1792 2311 1831 2338 et
1856 2302 1941 2338 abs-

137 2377 216 2418 que
249 2365 383 2417 aliquo
417 2356 547 2403 rerum
579 2361 887 2421 patrimoniique
934 2379 1174 2422 augmento,
1223 2373 1313 2408 satis
1357 2379 1489 2407 tamen
1528 2370 1596 2405 fiat
1638 2376 1778 2409 nostris
1819 2385 1953 2409 neces·

140 2435 316 2481 sitatibus
332 2461 347 2489 ζ
383 2437 662 2491 desideriisque
677 2465 691 2492 3
731 2443 812 2480 sive
837 2443 1108 2495 naturalibus,
1144 2446 1223 2481 sive
1256 2445 1426 2493 opinatis
1462 2451 1503 2480 et
1532 2443 1703 2483 factitiis.
1774 2443 1851 2481 Res
1886 2456 1955 2481 au-
