2199 2762
925 146 1171 180 m
1903 149 1961 191 17

318 258 504 302 „Furoris
535 258 644 295 modi
676 259 808 307 specie
833 257 1020 307 permulti
1045 265 1155 302 sunt,
1199 268 1346 308 genero
1371 265 1527 295 tantum
1552 267 1666 295 unus.
1693 264 1752 295 est
1778 260 1882 296 enim
1908 270 1955 296 ex

314 338 437 371 „toto
464 332 603 366 mentis
630 312 815 366 alienatio
844 328 1054 377 diuturna,
1088 341 1227 366 vacans
1254 343 1373 367 unni.

310 399 445 447 Quare
477 408 516 435 et
540 399 694 436 Graeco
729 401 793 436 isti
818 398 1015 437 vocabulo
1042 412 1278 436 numu-tris
1312 402 1400 435 iura
1432 402 1519 448 ipse
1555 401 1750 436 concessit
1774 399 1833 438 M.
1857 399 1953 436 'rul-

133 470 208 506 lius
237 469 389 506 Cicero.
425 483 458 506 e.
485 470 607 520 g.-de
644 470 886 507 divinatione
921 469 1011 509 Lib.
1035 469 1066 506 Ι.
1097 470 1192 517 Cap.
1217 469 1437 505 XXXVIII.
1472 495 1499 513 ,,
1510 468 1589 506 hoc
1615 468 1869 506 tribuendum
1896 480 1956 508 est

129 549 209 575 nec
233 544 523 577 rnmnrrcxs.“
579 541 633 576 At
664 552 750 576 non
780 541 902 577 modo
930 540 1120 577 Codicem
1139 540 1412 576 Florentinum
1425 552 1568 576 'veram
1595 541 1692 576 dare
1714 533 1955 584 lectionem;

134 609 204 645 sed
228 608 437 658 Vivianum
478 621 661 659 quoque,
698 609 810 659 quod
843 609 893 646 de
926 621 1099 647 runtnvs
1137 608 1377 651 adiunxerit,
1409 611 1645 658 peritissimo
1670 612 1834 660 ingenio
1862 609 1955 648 sub·

132 681 320 724 iunxisse,
361 677 526 729 amplius
562 692 610 716 ex
635 679 804 716 Medicis
841 682 1008 729 antiqu-is
1021 704 1034 722 ,
1085 681 1220 729 eisque
1254 679 1371 723 solis,
1421 680 1649 725 didicimus;
1698 693 1744 717 ex
1779 679 1955 732 Galeno,

133 763 179 786 ox
206 750 343 792 Celso,
383 762 430 784 ex
457 749 599 785 Coelio
626 749 856 785 Aureliano.
1396 800 1399 803 ἱ

318 817 348 853 1.
396 817 584 855 Claudius
619 816 792 854 Galenus
832 820 875 854 in
909 817 1386 854 Communem-Tertium
1429 817 1482 853 ad
1520 816 1665 853 librum
1695 818 1951 869 Hippocrati.

133 886 242 921 ΤΩΝ
266 887 554 922 ΕΠΙΔΗΜΙΩΝ
579 888 715 924 docuit
741 898 781 924 et
803 887 1015 936 phrenesin
1042 898 1082 924 et
1106 892 1277 925 maniam
1301 892 1404 925 inter
1425 901 1471 924 se
1498 892 1723 933 convenire,

313 956 503 1028 „Ogmssr
529 954 609 1016 μέν
635 958 723 1029 γοίς
748 951 897 1017 ἄμφω
923 953 1147 1011 βλάβαι“

86 1064 90 1068 .
131 1038 274 1074 deinde
303 1038 517 1074 admodum
551 1038 794 1087 discrepare;
831 1038 935 1075 hanc
968 1051 1050 1076 esse
1083 1028 1212 1093 xwf25
1232 1027 1450 1094 'wfergm
1501 1042 1616 1076 istam
1652 1028 1727 1076 τι),
1761 1034 1948 1106 τυςετὸῐ

129 1117 168 1144 et
194 1116 420 1158 constanter
443 1107 666 1145 febricitare
691 1107 979 1156 phreneticum.

501 1177 644 1213 Galeni
669 1177 876 1213 Librorum
902 1178 994 1214 Pars
1022 1179 1181 1227 Quinta.
1212 1178 1374 1215 Graece.
1397 1180 1574 1217 Basileae
1605 1189 1714 1226 1538.
1740 1195 1780 1230 p.
1801 1190 1894 1232 425.

311 1247 357 1282 ΙΙ.
384 1244 563 1284 Aurelius
592 1249 799 1286 Cornelius
828 1247 963 1285 Celsus
988 1248 1034 1288 L.
1059 1249 1106 1285 Π.
1134 1248 1183 1285 de
1208 1249 1410 1286 Medicina
1442 1252 1538 1299 Cap.
1563 1251 1593 1290 1.
1621 1251 1750 1289 obiter
1770 1249 1951 1302 pronun-

129 1318 249 1360 tiavit,

310 1362 537 1429 „imbuam
562 1400 879 1425 nummum-tvm
905 1377 1086 1447 φςενῗῖιν
1113 1389 1350 1438 adpellant“

472 1469 519 1493 ex
544 1457 720 1494 editione
744 1457 896 1494 Alberti
920 1471 998 1494 von
1024 1459 1170 1496 Haller.
1197 1461 1311 1496 Tom.
1334 1459 1368 1499 1.
1394 1460 1628 1496 Lausannae
1656 1470 1766 1510 1772.
1785 1475 1824 1512 p.
1840 1462 1907 1514 47.

131 1526 286 1575 plenius
317 1534 446 1561 autem
474 1539 520 1562 ea
547 1527 598 1563 de
622 1539 666 1563 re
693 1527 904 1576 disputavit
928 1528 1011 1565 Lib.
1029 1529 1091 1565 111.
1119 1530 1214 1578 Cap.
1236 1530 1378 1568 XVIII.

310 1596 535 1644 „Incipiam
561 1606 692 1633 autem
718 1598 767 1634 ab
792 1600 965 1641 insania,
995 1601 1242 1648 primamque
1268 1600 1380 1637 huius
1406 1604 1524 1649 ipsius
1550 1613 1703 1651 partem
1730 1604 1947 1655 adgrediar,

312 1678 453 1714 „quae
480 1675 519 1701 et
546 1677 660 1703 acuta
687 1677 725 1703 et
751 1681 792 1705 ιε
820 1682 935 1706 renni-2
964 1678 1031 1705 est.
1081 1669 1227 1705 Graeci
1253 1657 1427 1722 φρενῖτιν
1452 1672 1668 1720 adpellant.
1679 1679 1706 1697 “

356 1735 496 1781 „Illud
522 1745 614 1772 ante
639 1740 771 1774 omnia
797 1741 896 1774 scire
923 1748 1106 1787 oportet,
1146 1740 1343 1776 interdum
1380 1744 1423 1778 in
1461 1747 1686 1782 accessione
1712 1757 1850 1796 aegros
1880 1746 1946 1783 de-

311 1807 493 1852 ‚,sipere,
531 1815 570 1841 et
594 1806 707 1855 loqui
734 1807 875 1843 aliena.
904 1827 954 1838 -
980 1826 1028 1837 -
1054 1826 1103 1837 —

359 1874 584 1918 „Phrenitis
606 1889 698 1912 vero
726 1886 805 1912 tum
835 1877 991 1912 demum
1016 1885 1092 1920 est,
1123 1890 1211 1913 cum
1238 1882 1426 1916 continua
1455 1881 1654 1920 dementia
1680 1897 1763 1922 esse
1790 1889 1941 1937 incipit,

313 1954 421 1989 „aut
455 1957 543 1981 cum
578 1958 713 1996 aeger,
756 1949 929 1996 quamvis
956 1946 1086 1983 adhuc
1108 1951 1253 1997 sapiat,
1297 1958 1430 1987 tamen
1456 1953 1646 2002 quasdam
1670 1968 1791 1994 vanas
1815 1961 1950 2010 imagi-

308 2026 412 2056 „nes
440 2019 599 2064 accipit:
632 2017 808 2065 perfecta
838 2027 913 2061 est,
951 2018 1021 2053 ubi
1045 2030 1154 2055 mens
1185 2020 1259 2055 illis
1286 2022 1519 2070 imaginibus
1548 2025 1706 2062 addicto
1734 2037 1801 2065 est.
1813 2035 1840 2052 “

331 2083 397 2121 III.
435 2084 573 2123 Caelio
595 2087 832 2132 Aureliano,
866 2089 1055 2132 Siccensi,
1089 2088 1276 2137 phrenitis
1310 2103 1390 2127 una
1425 2102 1599 2130 ceterum
1620 2100 1849 2143 passionum
1876 2111 1947 2146 est,

128 2153 198 2190 sed
224 2155 446 2190 necessario
476 2167 553 2192 cvm
579 2169 764 2195 rannmvs.
797 2158 840 2197 L.
867 2170 896 2196 1.
935 2168 1140 2197 acutorum
1167 2160 1418 2205 Morborum,
1452 2165 1537 2200 init.
1566 2176 1659 2201 cura
1683 2167 1742 2204 Jo.
1770 2169 1949 2209 Conradi

126 2223 318 2265 Amman,
354 2224 516 2263 Amstel.
548 2238 656 2274 1709.
691 2240 731 2275 p.
762 2241 793 2268 x.
826 2229 980 2276 plenius
1019 2230 1104 2266 Lib.
1130 2231 1163 2269 1.
1201 2232 1297 2278 Cap.
1321 2232 1384 2266 111.
1418 2235 1705 2283 „intelligimus
1735 2238 1950 2287 plu-eniam

130 2304 177 2327 ex
211 2296 460 2329 concurrenti
494 2308 609 2332 mma
642 2310 786 2338 *cv-rs,
821 2309 861 2335 et
886 2300 1127 2337 alienatione
1153 2311 1191 2337 et
1215 2301 1330 2349 pulsu
1357 2314 1480 2349 parvo
1507 2313 1627 2354 atque
1654 2307 1815 2355 crebro,
1851 2322 1951 2350 atte-

131 2370 258 2398 stante
286 2360 539 2413 carphologia
567 2374 605 2401 et
633 2367 864 2407 crocidismo
900 2369 1170 2418 (famosissima
1206 2371 1272 2407 illa
1307 2372 1531 2421 palearum,
1565 2374 1802 2425 floccorum,
1845 2383 1950 2430 pilo-

128 2442 294 2482 rumque
325 2431 512 2481 lectione)
548 2434 643 2473 ibid.
675 2450 715 2485 p.
747 2447 807 2483 13.
845 2440 963 2478 Vnde
999 2450 1039 2478 et
1072 2443 1198 2480 eidem
1231 2446 1418 2487 „manin
1455 2445 1644 2484 alienatio
1674 2462 1842 2488 ruimus
1867 2466 1951 2492 sm

1543 2525 1569 2564 3
