2199 2762
943 131 1186 162 Ξι--Ε
1930 137 1983 178 37

722 240 1286 277 commentatio
1368 238 1420 278 Ι).

427 375 478 411 nd
502 375 646 425 Legem
676 385 708 409 1.
736 374 767 418 5.
794 376 857 418 [μ.
883 371 920 405 D
959 370 1011 405 de
1036 372 1073 404 vi
1099 379 1138 405 et
1166 372 1202 423 vj
1230 379 1388 405 armata.
1420 371 1576 418 (XLIII.
1608 373 1688 418 16)

722 444 915 491 leianus
940 441 1009 478 lib.
1036 443 1098 490 69.
1128 443 1181 477 ad
1207 441 1405 479 Edictum.

391 584 486 619 Non
516 582 644 619 solum
680 591 813 618 autem
845 582 1043 617 fructuum
1067 581 1169 615 ratio
1196 580 1238 614 in
1264 579 1341 616 hoc
1367 581 1576 617 interdicto
1605 579 1796 625 habetur,
1839 596 1973 621 verum

331 664 546 691 ceterarum
580 656 698 688 etiam
734 653 959 688 utilitatium
994 650 1175 686 habenda
1214 660 1292 685 est:
1337 664 1429 686 nam
1463 662 1502 687 et
1527 652 1714 687 vivianus
1749 654 1890 698 refert,
1928 659 1971 693 in

330 725 406 761 hoc
437 724 648 760 interdicto
679 726 835 774 omnia,
880 733 1146 772 quaecunque
1188 718 1391 757 habiturus
1434 722 1497 758 vel
1532 721 1786 758 adsecuturos
1821 734 1906 760 erat
1937 729 1968 762 is

328 798 397 843 qui
424 795 596 830 deiectus
625 804 702 838 est,
743 797 775 831 si
802 797 840 829 vi
864 794 1039 829 deiectus
1065 803 1150 827 non
1181 800 1299 831 esset,
1334 794 1508 834 restitui,
1546 801 1616 827 aut
1641 804 1779 828 eorum
1806 794 1916 830 litem
1945 809 1969 831 a

327 865 457 900 iudice
483 869 677 903 aestimari
702 865 871 901 debere:
905 876 1077 912 eumque
1103 871 1257 898 tantum
1283 872 1613 914 consecuturum,
1649 867 1789 912 quanti
1814 879 1884 903 sua
1909 870 1975 905 in-

328 945 506 979 teresset,
543 949 586 972 se
611 941 647 972 vi
674 936 871 972 deiectum
895 947 981 971 non
1004 946 1103 971 esse.

992 1065 1026 1109 §—
1060 1063 1091 1099 1.

324 1132 572 1174 Notandum,
614 1132 725 1180 quod
761 1134 878 1167 etiam
912 1131 990 1167 hoc
1018 1134 1060 1167 in
1092 1132 1182 1167 loco
1211 1131 1381 1179 Vulgata
1413 1141 1487 1166 nos
1514 1132 1632 1168 lectio
1660 1133 1964 1172 defraudaverat

145 1202 336 1244 Viviano,
372 1212 415 1237 ut
440 1206 481 1238 in
508 1205 730 1250 superlore;
759 1212 804 1237 ut
831 1211 945 1237 antea
973 1205 1014 1237 in
1040 1202 1068 1239 1.
1098 1207 1157 1248 14.
1183 1214 1244 1249 pr.
1270 1201 1319 1235 de
1341 1203 1414 1237 iur.
1443 1201 1623 1238 Codieill.
1657 1203 1803 1241 Norica
1829 1215 1962 1244 tamen

144 1275 219 1306 iam
258 1275 425 1309 restituit
457 1285 604 1310 nomen
639 1276 750 1316 eius;
802 1285 848 1317 ac
881 1272 1027 1310 deinde
1060 1284 1325 1323 quaecunque
1357 1270 1482 1308 editio
1511 1272 1701 1311 Codicem
1734 1285 1869 1314 secuta
1903 1285 1961 1314 est

141 1342 421 1381 Florentinum.

318 1505 440 1539 Nimis
478 1503 618 1540 acerbe
649 1507 888 1540 recentiores
922 1505 1083 1553 quidam
1113 1503 1312 1540 scribendi
1337 1516 1458 1552 genus
1486 1507 1745 1554 castigarum,
1783 1523 1862 1559 qua
1888 1513 1958 1549 Vl-

138 1575 279 1621 pianus
310 1575 515 1618 utebatur,
555 1577 703 1623 quippe
729 1583 769 1610 et
796 1575 968 1624 aequalis
996 1575 1185 1624 Septimio
1214 1575 1380 1616 Severo;
1417 1583 1457 1609 et
1481 1579 1646 1612 natione
1671 1577 1958 1628 Syrophoenix,

140 1644 206 1678 Sin
236 1654 366 1680 autem
382 1646 573 1693 leianus
600 1654 736 1680 noster
763 1648 794 1681 is
821 1641 1078 1690 idern'fuerit,
1109 1648 1172 1681 cui
1198 1645 1395 1694 Cynulcus
1423 1645 1583 1694 quidam
1610 1649 1822 1696 exprobrat
1848 1647 1957 1703 apud.

137 1713 383 1749 Athenaeum
438 1714 523 1754 Lib,
559 1714 622 1748 III.
672 1716 944 1763 Deipnosoph.
998 1718 1097 1763 Cap.
1129 1716 1252 1751 XVII.
1303 1715 1412 1764 quod
1455 1729 1669 1754 manum-:n
1711 1734 1955 1765 qvnswgmr

138 1774 221 1819 πεδ
255 1766 417 1828 ustrou,
452 1770 555 1818 ἕπου
588 1771 723 1819 κεῖται
748 1804 794 1814 -
816 1786 925 1822 unde
952 1782 1173 1836 cognomen
1200 1785 1300 1821 adeo
1326 1785 1532 1821 ridiculum
1559 1775 1635 1821 τοῦ
1658 1783 1956 1831 κειτουκείτουέ

134 1876 183 1886 —
210 1859 345 1905 negari
370 1869 453 1893 non
477 1865 632 1904 potest,
683 1864 722 1890 et
744 1855 952 1892 scribendo
980 1855 1193 1903 leianum
1221 1858 1374 1903 saepius
1402 1868 1483 1891 rem
1511 1857 1677 1892 eandem
1703 1861 1841 1900 iisdem
1867 1866 1954 1905 fere

135 1926 260 1963 verbis
288 1931 500 1975 repetiisse.
551 1927 609 1962 Ita
634 1926 756 1973 paulo
784 1936 875 1963 ante
903 1927 1079 1969 dixerat3
1115 1925 1335 1975 eodemque
1364 1928 1405 1961 in
1432 1926 1676 1977 fragmento:

157 2016 191 2065 ξ.
216 2022 280 2059 31.
314 2017 432 2065 „Qui
467 2018 505 2053 vi
537 2016 710 2053 deiectus
746 2027 822 2061 est,
859 2017 1054 2066 quidquid
1078 2017 1212 2055 damni
1236 2021 1399 2054 senserit
1425 2017 1476 2054 ob
1504 2017 1600 2061 hoc,
1637 2021 1747 2068 quod
1774 2021 1947 2062 deiectus

312 2095 405 2130 „est
415 2112 427 2129 ,
464 2090 686 2134 reciperare
721 2087 863 2130 debet3
906 2091 1070 2136 pristina
1097 2092 1202 2125 enim
1230 2102 1345 2126 causa
1373 2092 1525 2125 restitui
1551 2089 1695 2135 debet,
1732 2104 1851 2141 quam
1881 2094 1949 2133 ha-

314 2157 500 2200 „biturus
529 2168 630 2202 erat,
663 2163 695 2195 si
719 2172 804 2197 non
828 2160 964 2197 fuisset
990 2161 1174 2197 deiectus.

973 2294 1006 2340 §—
1036 2291 1102 2329 111.

321 2358 419 2393 Rem
453 2361 576 2406 ipsam
610 2360 1107 2411 Vivianus'philosophica
1141 2375 1298 2411 prorsus
1329 2364 1484 2398 ratione
1517 2363 1727 2415 verbisque
1760 2369 1945 2414 expressit

130 2429 452 2480 exquisitissimis,
488 2442 592 2481 quae
618 2419 776 2471 omnent
802 2433 935 2473 damni
958 2433 1194 2474 resarciendi
1215 2435 1449 2484 petitionem
1476 2438 1631 2487 egregie
1656 2436 1872 2485 illustrant,
1906 2446 1948 2476 et
