2199 2762
931 175 1176 207 Ξ
1937 183 1965 226 ⁷

134 302 187 340 'de
213 299 373 337 diversis
399 304 535 346 partus
561 296 728 334 ancillae
755 306 795 335 et
818 297 921 334 fetus
948 298 1101 345 pecoris
1128 293 1277 332 iuribus
1305 296 1582 332 controversia.
1637 293 1760 343 Quod
1784 295 1827 329 in
1850 305 1968 342 prae-

136 379 294 419 ceptum
333 370 569 405 commisisse
603 368 757 404 videtur
791 368 1032 409 Maiensius3
1075 365 1176 404 nihil
1209 369 1390 414 peccavit
1427 365 1604 408 Gmelin,
1649 367 1799 414 quippe
1834 363 1870 412 ξ.
1897 363 1962 401 111.

132 445 175 478 in
203 441 228 477 f.
264 453 306 489 p.
335 449 394 478 η.
427 438 477 476 de
513 442 599 488 ipsa
626 441 859 489 quaestione
884 438 1005 488 plane
1032 436 1162 474 adhuc
1188 449 1234 473 ex
1258 434 1631 473 RinkershoekianIs
1658 435 1875 472 decernens
1903 446 1964 470 ta-

137 510 324 551 tionibu&

977 630 1010 678 ξ,
1046 628 1098 665 V.

317 724 490 768 „Partus
519 722 687 758 ancillae
710 724 810 758 sitne
835 723 878 755 in
904 717 1034 752 fructu
1060 714 1292 752 habendus?
1335 716 1537 753 disseritur
1559 719 1662 752 inter
1687 718 1885 764 principes
1914 719 1966 753 ci-

136 796 297 839 „vitatis
324 793 365 827 P.
394 791 643 834 Scaevolam,
678 792 733 826 M.
759 787 989 828 Manilium
1027 784 1075 820 ab
1103 784 1242 834 hisque
1267 786 1323 820 M.
1349 787 1490 821 Brutus
1519 787 1743 829 dissentit,“

246 871 344 900 teste
381 862 575 897 Cicerone
619 861 669 898 de
703 859 844 897 finibus
878 857 1077 894 bonorum
1113 865 1153 892 et
1187 855 1381 892 malorum
1414 857 1457 893 L.
1488 870 1520 894 1.
1560 858 1657 905 Cap.
1684 857 1754 896 IV.
1791 859 1834 894 in
1868 866 1962 895 extr.

317 932 420 969 Edit.
447 933 607 980 Bipont.
637 932 795 968 V01.X.
824 934 971 979 p.143.

317 1005 374 1042 M.
399 1003 502 1038 Junii
530 1003 641 1038 Bruti
665 1004 859 1039 sententia
887 1000 938 1036 'ad
965 1007 1177 1035 extremum
1203 1009 1327 1046 usque
1355 1011 1493 1034 aevum
1523 997 1707 1043 obtinuit,
1735 1007 1779 1035 ut
1803 1007 1966 1064 recepta

139 1075 333 1128 quaedam
361 1075 556 1109 sententia
584 1093 630 1102 -
656 1054 901 1110 ἀυτοτελῆς
931 1058 1005 1102 καὶ
1037 1054 1406 1115 ὀινοιμφὶβολος’
1407 1052 1643 1122 ‹nunciasse-⁴5.

236 1144 380 1181 Paulus
408 1146 450 1178 in
475 1143 681 1190 Receptar.
709 1141 933 1177 sententiar.
967 1137 1054 1175 Lib.
1081 1138 1145 1177 ΠΙ
1181 1138 1259 1172 Tit
1279 1138 1348 1173 VI.
1382 1137 1431 1172 de
1457 1139 1762 1189 Legatis§.19.
1795 1139 1965 1182 „Ancilu

319 1240 346 1257 „
357 1212 421 1249 lae
448 1212 652 1250 usufructu
678 1212 832 1262 legato,
866 1217 1001 1258 partus
1031 1210 1111 1245 eius
1141 1206 1190 1245 ad
1218 1207 1477 1244 fructuarium
1503 1221 1589 1247 non
1614 1213 1864 1260 pertinent.“

990 1333 1023 1378 §-
1060 1331 1126 1369 v1.

324 1426 444 1462 Cuius
481 1426 699 1461 sententiae
737 1424 931 1459 rationem
968 1422 1149 1460 consulto
1194 1432 1233 1459 et
1267 1425 1379 1472 quasi
1420 1422 1553 1458 dedita
1596 1433 1719 1470 opera
1756 1422 1966 1470 leianus,

142 1497 283 1538 Gaius,
318 1507 362 1530 ex
391 1493 467 1530 hoc
494 1493 780 1535 Tribonianus,
815 1493 884 1529 illo
914 1502 1011 1529 teste
1037 1497 1120 1540 ipse
1147 1495 1309 1536 Brutus,
1346 1493 1559 1528 dederunt:

214 1552 270 1602 ’1.
297 1567 357 1609 68.
384 1577 444 1612 pr.
472 1564 524 1613 D.
555 1563 605 1599 de
626 1564 709 1599 Vsu
734 1563 876 1600 fructu.
903 1563 1009 1610 (VII.
1035 1565 1090 1611 1)

321 1636 516 1682 leianus
542 1633 645 1669 libro
672 1633 794 1669 XVII.
822 1634 874 1668 ad
903 1634 1104 1671 Sabinum.
1155 1634 1312 1677 „Vetus
1340 1633 1415 1668 fuit
1443 1635 1644 1681 quaestio,
1681 1644 1732 1669 an
1754 1642 1889 1681 partus
1918 1634 1970 1670 ad

324 1705 614 1746 „fructuarium
649 1705 892 1751 pertineret?
944 1704 1022 1739 Sed
1046 1705 1156 1740 Bruti
1182 1706 1376 1739 sententia
1405 1702 1597 1747 obtinuit,
1636 1703 1893 1739 fructuarium
1928 1708 1971 1741 in

321 1785 405 1816 „eo
434 1773 567 1808 locum
594 1785 676 1808 non
704 1772 870 1808 habere:
907 1786 1039 1822 neque
1066 1777 1170 1810 enim
1198 1777 1240 1810 in
1266 1774 1396 1808 fructu
1425 1771 1592 1808 hominis
1621 1772 1742 1810 homo
1772 1787 1854 1810 esse
1881 1784 1969 1823 pot-

322 1869 346 1887 „
360 1851 438 1886 est,
476 1841 550 1879 hac
576 1844 732 1878 ratione
758 1855 832 1879 nec
860 1856 971 1879 usum
1000 1843 1170 1879 fructum
1204 1846 1246 1878 in
1279 1854 1327 1878 eo
1364 1842 1600 1878 fructuarius
1632 1842 1806 1880 habebit.
1860 1845 1970 1894 Quid

325 1922 495 1958 „tamen
530 1915 562 1949 si
595 1913 714 1948 fuerit
749 1916 1032 1967 etiam.·nrtus
1069 1926 1159 1949 usus
1193 1913 1341 1948 fructus
1375 1912 1555 1953 relictus,
1596 1926 1647 1949 an
1674 1913 1822 1950 habeat
1846 1920 1890 1953 in.
1920 1929 1968 1953 eo

327 2009 352 2028 ‚,
365 1997 478 2020 usum
511 1983 705 2019 fructum?
755 1984 806 2020 Et
831 1997 917 2021 cum
945 1987 1069 2035 possit
1092 1993 1226 2033 partus
1260 1984 1403 2034 legari,
1446 1986 1595 2033 poterit
1629 1994 1668 2020 et
1699 1998 1789 2022 usus
1821 1987 1970 2024 fructus

328 2058 484 2100 „eius“

248 2125 271 2162 l.
303 2132 363 2170 28.
396 2128 429 2172 §.
459 2139 491 2162 1.
528 2127 579 2164 D.
609 2126 658 2164 de
681 2127 815 2164 Vsuris
844 2126 986 2175 (XXII.
1018 2126 1070 2174 1.)

329 2197 450 2232 Gaius
468 2195 579 2233 *libro
605 2198 652 2234 ΙΙ.
679 2199 825 2234 Rerum
852 2199 1176 2238 cottidianarum,
1210 2200 1288 2232 sive
1316 2210 1536 2234 aureorum.
1588 2198 1759 2240 „Partus
1785 2183 1880 2235 vero
1907 2211 1974 2236 an-

326 2267 479 2312 „cillae
511 2269 554 2303 in
587 2267 719 2304 fructu
751 2281 837 2305 non
869 2278 949 2306 est:
998 2272 1133 2319 itaque
1169 2268 1219 2304 ad
1253 2269 1453 2304 dominum
1487 2272 1740 2317 proprietatis
1776 2273 1977 2318 pertinet:

328 2337 578 2381 „absurdum
613 2341 717 2374 enim
748 2339 976 2384 videbatur,
1018 2339 1214 2376 hominem
1240 2342 1281 2374 in
1307 2340 1438 2375 fructu
1467 2353 1573 2381 esse,
1612 2353 1701 2376 cum
1727 2353 1862 2377 omnes
1888 2341 1970 2377 fru-

328 2417 448 2453 „ctus
474 2421 604 2445 rerum
631 2418 773 2446 natura
798 2409 1003 2448 hominum
1029 2413 1153 2461 gratia
1180 2413 1477 2459 comparaverit.
1490 2416 1516 2434 “

247 2479 341 2522 Gaii
362 2467 465 2518 haec*
487 2478 607 2523 verba
628 2479 894 2519 Tribonianus
924 2481 1127 2531 descripsit
1153 2482 1188 2533 ξ.
1205 2490 1268 2531 37.
1293 2483 1324 2521 J.
1354 2482 1403 2518 de
1430 2482 1519 2519 Rer.
1547 2483 1751 2518 Divisione
1779 2481 1846 2528 (11.
1875 2483 1928 2529 ι.)
