2199 2762
933 184 1174 215 =..-=.·
1912 189 1967 230 19

137 311 255 339 natae
282 282 496 348 speciebus.
559 299 720 334 Veteres
751 299 852 332 enim
878 297 910 331 si
937 295 1128 332 audiveris
1156 292 1355 335 Medicos,
1404 291 1611 340 plurimam
1640 301 1791 340 partem
1817 297 1968 331 insania

139 374 278 408 mentis
323 383 368 406 ex
406 370 602 418 corporali.
636 368 808 418 quodam
846 367 1050 402 descendit
1083 368 1201 406 vitio,
1225 364 1230 367 “
1254 375 1321 399 aut
1356 376 1439 399 non
1473 374 1593 397 unam
1631 365 1812 400 comitem
1847 364 1966 401 habet

139 444 258 490 ipsius
295 443 470 489 corporis
506 437 921 490 aegritudinem.1ta
949 438 1233 486 HippocrateS,
1272 434 1522 469 Medicorum
1549 435 1733 481 princeps
1761 437 1801 469 in
1826 435 1964 472 libello

140 513 352 560 Principe,
397 515 439 547 in
474 510 743 559 Aphorismis,
785 508 872 546 Lib.
900 508 964 543 111.
1001 506 1221 555 Aphorism.
1257 506 1343 540 XX.
1387 506 1558 540 insanias
1603 513 1643 539 et
1683 504 1965 543 melancholias

141 595 200 608 -
240 589 299 619 τα
333 587 497 630 μανικα.
533 588 607 615 καί
635 586 695 615 τα
724 563 1051 626 μελαγχο)ικα
1087 591 1129 600 -
1186 589 1232 612 ex
1274 575 1419 612 morbis
1478 574 1641 610 deduxit
1691 587 1778 611 cum
1830 579 1967 626 eisque

144 655 346 689 coniunxit
380 654 618 701 gravissimis.
661 650 769 685 Idem
803 648 888 684 Lib.
914 648 980 685 111.
1021 646 1240 694 Aphorism.
1268 646 1393 683 XXII.
1433 645 1691 681 Autumnales
1726 647 1777 681 ad
1804 647 1963 685 morbos

141 726 282 759 iterum
307 723 441 759 retulit
466 711 541 754 καὶ
567 706 628 754 ταὶ
654 702 833 764 faama,
860 704 935 748 καὶ
959 697 1022 749 voc*
1050 698 1372 761 μελαγχολικαῖ
1448 714 1568 751 Libro
1593 725 1722 752 autem
1738 717 1802 753 Vl.
1829 717 1967 766 Apho-

138 796 243 830 rIsm.
269 793 366 828 LVI.
394 791 634 840 gravissimos
660 785 833 827 morbos,
860 792 905 818 ut
930 782 1216 819 melancholiae
1245 793 1283 818 et
1310 787 1470 820 comites
1497 794 1537 819 et
1562 786 1741 832 sequelas
1767 793 1963 825 recensuit

144 885 202 897 —
236 858 514 921 ἀποπληξὶαν
540 855 620 903 τοό
645 849 874 912 cailtane,
915 848 1192 909 ἦνπασμδν,
1242 845 1460 910 {penariam
1500 851 1792 914 ἧτόφλωσιν.
1818 883 1875 892 -
1909 884 1965 896 -.

142 943 297 992 Cuique
323 943 584 979 notissimum,
619 950 666 972 ex
694 935 778 972 bilis
806 933 1069 977 abundantia,
1100 937 1263 970 maxime
1292 947 1338 970 ex
1368 944 1451 971 atra
1477 934 1556 971 bile
1584 946 1731 973 veteres
1762 937 1966 978 deduxisse

144 1013 313 1060 plurima
331 1008 617 1047 melancholiae
634 1007 852 1054 furorisque
869 1017 1030 1053 genera.
1054 1005 1113 1040 Ita
1136 1008 1212 1040 iam
1221 1006 1481 1048 Democritus,
1501 1006 1747 1043 adsentiente
1765 1011 1851 1056 ipso
1870 1012 1968 1060 Hip.

146 1091 327 1130 poetam,
368 1084 409 1116 in
437 1078 689 1115 celeberrima
715 1076 781 1110 illa
806 1076 939 1110 forsan
966 1078 1093 1110 minus
1119 1077 1289 1114 sincera,
1319 1078 1478 1124 antiqua
1505 1086 1635 1111 tamen
1661 1076 1711 1111 de
1734 1079 1966 1118 Democrito

146 1156 286 1188 insano
323 1151 511 1199 epistola,
548 1159 650 1197 quae
684 1145 893 1182 subiuncta
922 1153 980 1181 est
1002 1144 1171 1191 Epicteti
1196 1145 1396 1188 Manuah,
1445 1158 1537 1181 cura
1571 1146 1764 1183 Hadriani
1797 1150 1967 1190 Relandi

150 1223 256 1270 Traj.
286 1222 372 1260 Bat,
404 1233 512 1269 ¹7¹1·
539 1232 576 1267 p.
595 1229 657 1266 90.
718 1217 801 1253 Nec
828 1218 963 1264 itaque
988 1227 1148 1263 parum,
1177 1223 1245 1250 aut
1270 1217 1373 1251 iusto
1402 1219 1578 1266 segnius,
1605 1217 1829 1256 Emtoribus
1857 1235 1968 1260 man-

148 1296 339 1341 cipiorum
373 1291 529 1327 Aediles
569 1286 869 1330 consuluerunt,
910 1287 960 1322 de
995 1286 1088 1322 solis
1126 1285 1397 1333 corporalibus
1432 1290 1531 1323 vitiis
1566 1287 1709 1331 locuti,
1752 1291 1822 1326 sed
1855 1296 1971 1330 simul

147 1364 356 1412 plurimam
381 1372 534 1410 partem
561 1368 599 1395 et
616 1360 804 1394 mentium
821 1359 947 1394 minus
966 1368 1149 1394 sanarum
1168 1354 1239 1393 sub
1259 1368 1426 1404 corpore
1444 1357 1548 1393 male
1566 1370 1663 1395 sano
1682 1362 1973 1406 concluserunt,

977 1538 1013 1587 ξ.
1056 1537 1142 1574 XII.

332 1610 559 1647 Rectissime
595 1618 726 1645 tamen
762 1617 801 1644 et
836 1609 988 1657 antiqui
1023 1608 1166 1645 medici
1199 1608 1242 1644 id
1275 1607 1417 1644 furoris
1456 1618 1578 1656 genus
1610 1618 1824 1652 noverunt,
1859 1611 1970 1659 quod

151 1683 270 1720 solius
297 1683 416 1716 animi
443 1692 488 1714 ex
515 1681 621 1715 vitio.
687 1679 888 1728 Legantur
913 1678 962 1714 de
988 1691 1134 1729 genere
1160 1677 1238 1714 hoc
1265 1679 1453 1714 Aretaeus
1482 1678 1726 1725 Cappadox,
1770 1680 1819 1715 de
1848 1682 1891 1717 C.
1930 1691 1969 1717 et

152 1755 191 1794 S,
222 1753 277 1787 M.
305 1752 355 1787 D.
379 1751 421 1785 L.
444 1763 475 1784 1.
501 1751 542 1784 in
569 1752 779 1795 posteriori
803 1759 917 1796 parte
945 1751 1094 1798 Capitis
1121 1752 1218 1785 sexti
1244 1762 1280 1797 p⁴
1302 1757 1367 1793 32.
1391 1756 1454 1792 55.
1483 1757 1522 1783 et
1545 1761 1642 1796 prae
1669 1749 1848 1787 omnibus
1874 1752 1968 1788 Au'r.

153 1820 360 1859 Cornelius
402 1818 536 1854 Celsus
573 1817 657 1854 Lib.
680 1818 743 1853 III.
779 1818 829 1853 de
863 1818 1008 1854 Medic.
1045 1820 1141 1875 Cap.
1168 1819 1308 1855 XVIII.
1341 1830 1379 1865 p.
1413 1818 1514 1863 164,
1555 1818 1605 1853 de
1642 1823 1758 1856 tertio
1795 1823 1971 1858 insaniae

152 1903 298 1943 genere
326 1881 546 1942 disputans,
572 1901 654 1931 „ex
683 1887 738 1923 his
762 1888 1008 1937 longissimo,
1044 1888 1146 1924 adeo
1172 1897 1216 1922 ut
1243 1890 1360 1938 vitam·
1383 1889 1506 1933 ipsam
1533 1900 1618 1923 non
1644 1890 1835 1937 impediat
1859 1893 1972 1940 quod

151 1974 347 2008 „nonvsu
376 1968 563 1997 conponis
584 1971 665 1996 esse
691 1961 939 1996 consuevit.“
970 1979 1019 1990 —
1072 1958 1151 1995 Sed
1184 1960 1227 1994 in
1246 1956 1316 2012 'his
1353 1959 1473 1992 animi
1507 1960 1606 1995 vitiis
1637 1962 1788 2008 optime
1818 1965 1971 1999 monuit

150 2033 352 2074 vivianus,
378 2041 461 2068 non
491 2021 790 2077 aliudspectari
817 2028 961 2065 debere
988 2041 1145 2079 „quam
1171 2028 1281 2078 quod
1307 2040 1329 2063 a
1353 2027 1561 2064 venditore
1588 2033 1714 2079 excipi
1740 2042 1925 2080 oporteat
1948 2038 1973 2057 ‘⁴

152 2101 207 2142 Vt
234 2103 397 2149 opinor,
431 2112 516 2136 non
543 2093 689 2144 aliuds
708 2103 826 2136 animi
852 2094 1006 2153 vitium,
1042 2103 1116 2137 nisi
1142 2112 1350 2138 som-xcvi«,
1383 2110 1453 2133 seu
1488 2100 1599 2147 quod
1635 2104 1778 2150 cuique
1810 2106 1868 2139 rei
1898 2117 1972 2140 no·

155 2180 257 2211 ceat.
310 2171 439 2218 Quam
476 2170 624 2207 scilicet
664 2159 852 2207 ι’ναντὶαν
897 2154 1085 2207 δῖἆθεων
1120 2174 1162 2207 in
1189 2172 1267 2206 vini
1290 2182 1361 2205 usu
1388 2181 1416 2205 s.
1442 2171 1574 2217 potius
1602 2171 1727 2208 abusu
1752 2175 1879 2210 inesse
1906 2174 1974 2211 do·

156 2244 236 2276 cuit
262 2240 510 2277 Aristoteles:

293 2362 296 2363 ⁷
328 2304 406 2354 aaa
432 2303 759 2370 τετυφωμῖνους
783 2309 911 2366 ποιεῖ,
945 2308 1020 2358 κειῖ
1047 2308 1249 2370 μανικῶς·

146 2387 202 2436 ‘ea
234 2388 438 2439 praeclare
472 2378 815 2430 transducitur-in
843 2404 984 2432 cuncta
1012 2396 1130 2430 animi
1155 2397 1259 2430 vitia.
1310 2391 1432 2429 Julius
1459 2380 1734 2431 Guastavinius
1764 2405 1971 2444 quantum-

154 2445 209 2502 {ris
237 2451 483 2519 desudaverit
506 2464 550 2502 in
577 2458 812 2514 explicando
847 2451 930 2504 τῶν
961 2449 1274 2515 τετυφωμένων
1306 2462 1524 2509 vocabulo,
1560 2464 1670 2517 quod
1699 2468 1773 2516 ipsi
1808 2466 1973 2506 denota-
