2199 2762
932 149 1177 184 Ξ
1892 162 1949 209 3⁹

310 282 447 318 inutile
476 293 555 317 esse
581 277 846 319 interdictum,
870 287 954 311 non
982 275 1092 323 qnasi
1116 274 1295 322 precario
1323 284 1447 314 usum,
1475 272 1545 309 sed
1574 275 1684 323 quasi
1710 285 1785 311 nee
1812 290 1942 318 usum:

313 365 407 402 ergo
433 350 649 387 secundum
672 347 749 382 hoc
774 358 849 382 nec
874 353 965 380 utxo
992 355 1083 380 usus
1108 342 1286 378 videtur:
1325 343 1449 379 multo
1478 346 1581 379 enirn
1607 346 1734 380 minus
1759 346 1829 384 illo
1856 361 1947 389 usu,

316 432 372 459 est
404 434 475 470 per
511 432 627 470 quern
661 428 746 453 non
780 418 844 459 iit,
887 423 1052 463 propter
1084 413 1446 449 incommoditatem
1479 416 1573 455 rivi,
1620 423 1687 450 aut
1720 428 1947 467 propterea,

315 496 408 544 quia
435 495 520 528 viva
545 497 760 539 praerupta
788 496 882 523 erat.
940 486 1048 531 Idem
1079 488 1151 521 erit
1179 484 1407 529 dicendum,
1444 495 1482 521 et
1509 488 1540 522 si
1566 497 1651 522 non
1680 496 1765 524 erat
1790 493 1853 527 vin
1875 505 1949 541 pu-

319 564 439 608 blica,
474 561 543 598 sed
570 563 646 595 iter
668 560 888 607 privatum:
924 569 1016 593 nam
1042 565 1080 592 et
1105 555 1170 591 hic
1197 555 1334 590 eadem
1362 558 1539 605 quaestio
1569 565 1637 594 est.

1004 745 1035 793 β.
1073 745 1104 786 1.

328 797 560 877 noegdcfogor
593 817 776 866 aliquod,
816 828 949 866 neque
983 829 1078 852 sana
1114 829 1200 851 cum
1233 818 1388 852 ratione
1425 826 1659 863 congruum,
1695 814 1860 853 edidisse
1889 818 1957 852 V·-

143 888 276 922 vianus
304 891 426 935 prima
455 891 584 937 specie
611 887 774 924 videtur.
842 888 945 923 Nam
973 899 1086 930 sane,
1130 888 1214 935 quis
1242 898 1415 935 unquam
1443 886 1663 935 negaverit,
1712 897 1802 922 eum
1828 889 1961 926 vicino

149 969 264 1004 agro,
306 961 452 994 itineris
480 961 641 995 nomine
666 969 802 993 revera
830 966 999 1005 actuque
1024 969 1160 999 usum,
1202 960 1268 1004 qui
1294 968 1378 992 non
1404 956 1524 991 modo
1551 968 1624 1003 per
1647 959 1815 1003 proximi
1842 961 1960 995 vicini

149 1040 283 1075 agrum
318 1031 392 1064 iter
427 1030 583 1072 fecerit,
619 1029 689 1065 sed
724 1029 864 1064 fecerit
900 1030 1018 1064 etiam
1050 1028 1325 1071 —rne-vazuun?
1374 1028 1475 1075 Quis
1500 1038 1675 1075 unquam
1700 1037 1821 1077 neget
1848 1042 1961 1065 usum

150 1101 307 1135 minime
335 1101 573 1136 Pneefflivm?

333 1170 462 1217 Quam
499 1169 598 1204 falsa
631 1171 684 1204 ita
720 1166 879 1216 quidem
914 1166 1105 1215 adpareat
1129 1165 1286 1201 Viviani
1319 1167 1569 1203 enunciatio:
1610 1175 1691 1202 tam
1714 1179 1808 1204 vera
1834 1175 1970 1207 tamen

157 1251 234 1280 est,
270 1248 347 1274 tam
374 1242 518 1274 intimis
547 1252 592 1273 ex
622 1240 808 1274 scientiae
831 1237 969 1287 legalis
998 1236 1168 1272 deducta
1194 1235 1432 1279 rationibus,
1461 1245 1538 1271 tam
1567 1240 1722 1284 penitus
1752 1239 1802 1273 ad
1828 1252 1974 1278 sermo-

153 1323 243 1346 nem
270 1310 491 1349 forensem,
532 1308 894 1358 vocabulorumque
923 1310 1012 1343 artis
1039 1315 1198 1342 nostrae
1224 1309 1506 1353 proprietatem
1532 1307 1846 1344 adcommodata.

334 1368 442 1415 Libri
469 1382 593 1414 nostri
617 1381 845 1415 sanctissimi
872 1379 1020 1414 disertis
1049 1376 1173 1412 verbis
1203 1376 1342 1412 altiora
1370 1376 1467 1412 haec
1493 1377 1608 1413 nobis
1636 1388 1841 1415 servarunt
1866 1383 1974 1427 prin·

159 1454 280 1498 cipia,
310 1463 354 1485 ex
385 1448 524 1499 quibus
553 1452 731 1497 proxima
758 1451 1047 1497 rectissimeque
1075 1449 1413 1496 argumentatione
1438 1449 1511 1482 ista
1537 1448 1693 1483 Viviani
1720 1448 1891 1486 deducta
1918 1460 1976 1487 est

162 1523 353 1557 sententia
373 1509 713 1569 {absolviturque
739 1519 852 1555 huius
881 1519 1110 1567 explicatio,
1145 1517 1243 1557 locis
1271 1516 1440 1553 collectis
1468 1516 1669 1555 similibus.

1027 1681 1060 1727 §.
1094 1681 1140 1717 Π.

345 1749 487 1786 Paulus
514 1748 597 1786 Lib.
621 1750 668 1786 V.
697 1738 872 1789 Sentent.
900 1760 1090 1798 receptar.
1118 1750 1282 1805 Titi'V‘I.
1314 1750 1397 1786 Nro
1426 1755 1460 1793 S.
1488 1751 1528 1786 in
1556 1749 1582 1787 f.
1608 1752 1779 1800 itemque
1806 1750 1831 1788 1.
1844 1752 1982 1796 25xD.

411 1820 752 1868 Quemadmodum
780 1823 906 1857 servit.
935 1823 1071 1873 amitt..
1092 1820 1212 1867 (VIII.
1240 1821 1298 1866 6)
1336 1833 1583 1855 communem
1620 1823 1836 1858 enuntiavit
1869 1836 1982 1872 regu-

168 1893 263 1925 lam:
299 1892 526 1932 „Servitute
551 1904 632 1926 vsvs
660 1903 743 1926 non
769 1890 940 1929 videtur,
968 1893 1042 1925 nisi
1067 1892 1118 1932 is,
1150 1892 1218 1938 qui
1242 1901 1309 1924 svo
1337 1902 1423 1925 wne
1452 1893 1510 1925 uti
1536 1903 1576 1926 se
1604 1891 1817 1928 credidit.“
1868 1894 1986 1930 Hisce

170 1961 293 1997 verbis
321 1962 513 1996 Antonius
535 1960 660 1997 Faber
684 1964 890 1997 notionem
917 1959 1020 1996 hanc
1047 1963 1252 2007 expressit:

349 2033 583 2079 ,‚requitur,
628 2041 694 2073 ut,
731 2034 797 2081 qni
824 2043 913 2067 usus
943 2039 1022 2071 est,
1056 2033 1238 2067 servitute
1265 2032 1311 2066 sit
1339 2042 1385 2066 ea
1412 2043 1525 2072 usus,
1561 2033 1673 2080 quasi
1700 2030 1833 2068 debita
1857 2032 1984 2070 fundo

351 2126 377 2144 „
390 2101 610 2138 dominanti

475 2174 517 2207 in
543 2172 744 2212 RationaL
771 2176 812 2209 in
839 2173 1060 2208 Secundam
1087 2173 1240 2208 Partem
1267 2171 1386 2207 Pand.
1417 2171 1466 2206 ad
1492 2170 1530 2208 h.
1557 2171 1582 2210 l.
1607 2185 1647 2220 p.
1665 2177 1755 2223 8²47.

179 2237 291 2284 Quae
317 2242 453 2288 regula
479 2246 692 2290 generatim
725 2244 775 2278 ad
798 2244 1101 2279 Inter-dictorum
1125 2243 1346 2278 transducta
1376 2251 1432 2277 est
1459 2245 1675 2279 materiam.

420 2311 447 2348 1.
481 2324 511 2348 1.
540 2314 571 2358 §.
602 2325 661 2360 19.⁸
687 2314 724 2349 D
767 2314 816 2350 de
845 2326 944 2363 aqua
975 2313 1108 2350 cottid.
1137 2323 1174 2349 et
1202 2316 1331 2352 aestiv.
1360 2312 1483 2348 XLIII
1521 2325 1584 2351 20.
1808 2363 1810 2365 q

357 2380 521 2423 „Aristo
549 2392 684 2430 putat,
729 2396 817 2420 eum
846 2384 999 2420 demum
1027 2383 1276 2420 interdimum
1306 2382 1380 2419 boc
1407 2382 1572 2426 habere,
1608 2386 1675 2434 qui
1702 2396 1743 2421 se
1776 2392 1888 2434 putat
1922 2396 1989 2421 svo

363 2463 482 2492 „wne
509 2455 589 2487 uti:
624 2466 705 2490 non
734 2466 821 2490 eum
851 2459 918 2504 qui
944 2458 1016 2491 scit
1043 2467 1084 2491 se
1111 2455 1262 2491 nullum
1290 2457 1345 2490 ius
1374 2454 1519 2490 habere
1547 2464 1584 2490 et
1613 2458 1744 2493 utitur.
