2199 2762
937 145 1176 175 εει-ιε.-
1856 143 1963 185 -23

149 258 237 302 794,
306 253 417 286 Prior
443 250 662 287 observatio
689 263 760 299 per
786 264 826 287 se
854 251 985 293 clara:
1025 254 1281 300 posteriorem
1313 249 1442 285 habeo
1472 249 1627 286 demum
1654 248 1962 286 confirmandam

148 337 192 359 ex
219 323 260 356 L.
286 326 322 367 4.
355 321 398 356 C.
425 320 474 356 de
499 323 729 369 praepositis
756 323 852 364 sacri
881 321 1050 358 cubiculi
1078 322 1177 367 (XII.
1205 322 1255 366 5)
1289 321 1472 368 Princeps
1501 330 1630 355 autem
1660 331 1776 355 causa
1801 323 1842 355 in
1869 332 1959 367 pro-

146 393 289 426 morcio
326 392 529 428 crescentis
565 394 680 440 pretii
717 391 911 427 collocata
947 400 1027 427 erat
1055 394 1096 427 in
1123 404 1311 431 mumma,
1357 400 1400 425 ut
1429 376 1577 437 apert-is*
1600 389 1751 433 verbis,
1795 390 1958 425 eisdem-

145 474 222 511 que
248 461 355 516 fere,
390 461 531 497 Paulus
560 471 598 497 et
621 463 865 504 Marcianus,
896 462 998 504 ICti,
1034 461 1280 501 docuerunt;
1317 463 1387 497 isse
1414 459 1502 497 Lib.
1526 460 1571 495 V.
1597 460 1760 507 Recept.
1788 468 1957 495 sentent.

144 532 220 572 Tit.
244 531 386 568 XXIII.
418 532 514 567 Nre.
545 541 602 576 15.
631 531 749 568 hiel.
774 540 810 577 5.
845 535 877 577 ξ.
903 537 929 578 4
978 533 1024 572 D,
1054 532 1104 566 ad
1125 532 1171 569 L.
1198 532 1318 566 Coin.
1353 531 1400 566 de
1429 534 1537 566 sicar.
1575 531 1762 576 (XLVIII.
1789 532 1839 577 ὅ.)
1876 531 1958 577 Op-

142 605 234 637 time
261 600 353 636 mihi
379 602 563 638 consuliit
587 604 757 638 Joannes
786 603 928 636 Suarez
965 602 1014 637 de
1040 601 1237 636 Mendoza
1266 601 1484 647 Hispanus,
1530 603 1596 649 qui
1623 603 1664 636 in
1693 602 1958 638 Commentar.

142 672 192 707 ad
217 673 260 709 L,
289 670 422 720 Aquil.
445 671 553 712 L‚11.
586 673 686 720 Cap.
711 671 774 707 111.
803 671 892 705 Sect
922 670 976 705 VI
1011 667 1281 715 (Mecrmanni
1309 671 1356 703 N.
1384 670 1456 703 Th.
1485 671 1598 706 Toni.
1618 671 1662 707 U.
1688 684 1725 717 p.
1748 680 1829 714 150.
1855 671 1952 714 131)

139 727 339 777 materiam
367 740 469 774 hanc
496 750 573 774 tam
599 742 751 788 prolixe
780 742 986 781 tractavit,
1035 749 1260 787 cunctaque
1289 752 1335 773 ex
1363 726 1518 786 optimis
1546 742 1788 787 Scriptorum
1816 739 1956 774 Classi-

141 824 276 847 corum
311 812 561 850 testimoniis,
604 811 779 859 undique
816 811 1028 857 congestis,
1062 828 1109 837 —
1144 809 1257 844 Plinii
1293 810 1386 856 Maj,
1422 809 1703 856 Quinctiliani,
1743 808 1953 850 sinemus,

140 882 193 914 Su
220 882 347 920 t*n›ii‚>
379 879 587 915 Claudiani
612 883 691 916 imo
721 889 759 914 et
784 880 1012 927 Hieronymi
1041 887 1079 913 et
1104 877 1300 914 Ambrosii
1325 897 1372 906 —
1409 888 1484 913 tam
1511 879 1702 926 perdocte
1729 879 1953 920 declaravit,

140 960 185 985 ut
209 952 293 985 iure
320 951 561 998 meritoque,
589 959 632 985 ut
658 950 843 989 feliciter,
881 948 997 997 (quae
1023 948 1237 996 perodiosa
1264 960 1396 983 earum
1421 961 1551 984 rerum
1579 958 1635 985 est
1664 948 1912 985 obscoenitas
1927 950 1951 995 ἵ)

141 1020 412 1067 exploratione
440 1018 512 1055 hac
538 1021 826 1068 supersedeam-

978 1181 999 1224 §
1046 1177 1112 1215 IV.

318 1249 440 1283 Reae
469 1259 580 1282 rvsnt
611 1249 786 1282 meminit·
810 1247 1009 1286 Vivianus.
1062 1247 1367 1288 Adolescentes,
1403 1247 1524 1283 modo
1551 1246 1745 1294 puberes:
1775 1259 1858 1282 non
1886 1259 1954 1281 au·

140 1330 213 1356 tem
245 1320 418 1355 exoletos
446 1327 484 1352 et
512 1320 586 1352 iam
618 1317 823 1360 barbatos,
860 1318 1086 1354 castrandos
1115 1317 1196 1354 esse
1223 1317 1359 1354 docuit
1382 1318 1577 1355 Juvenalis
1606 1318 1688 1354 Sat.
1706 1316 1770 1355 VI.
1795 1318 1952 1361 v.56⁴3·-

137 1400 210 1438 373
252 1400 290 1426 et
315 1390 350 1426 Is
391 1387 646 1425 Casaubonus
676 1391 726 1425 ad
752 1397 891 1437 κιξςζτὸ.

984 1581 1017 1626 ς.
1057 1580 1105 1618 V.

318 1646 462 1693 Quoad
489 1659 618 1682 servus
647 1648 858 1685 castrando>
879 1663 1104 1686 mxi-:nomon
1132 1659 1212 1692 est;·
1245 1653 1325 1685 eius
1354 1650 1516 1685 domino
1542 1647 1641 1684 nibil
1667 1663 1788 1686 nixum
1816 1650 1952 1686 datum

135 1723 236 1755 erat:
264 1714 436 1764 ideoque
462 1715 552 1752 huic
577 1726 720 1766 negata
748 1727 804 1755 est
820 1719 932 1768 Legis
953 1721 1137 1769 Aquiliae
1163 1723 1279 1758 actio.
1332 1720 1477 1756 Iniuria
1507 1729 1637 1756 tamen
1663 1720 1795 1768 palam
1822 1722 1853 1756 is
1882 1720 1953 1755 ad·

131 1785 279 1819 fecerat
305 1784 517 1828 dominum,
547 1789 614 1835 qui
641 1789 765 1822 inscio
794 1800 841 1823 eo
872 1798 940 1823 aut
964 1792 1085 1825 invito
1113 1793 1263 1826 s'ervum
1292 1793 1483 1827 castravit.
1518 1791 1562 1825 In
1591 1791 1699 1839 quali
1727 1794 1830 1826 enim
1858 1803 1950 1827 con-

132 1858 320 1891 temtione
357 1865 433 1898 est,
478 1866 516 1892 et
544 1867 690 1906 quanta
717 1858 873 1906 quidem
903 1858 1080 1894 adficitur
1104 1862 1244 1895 iniuria
1272 1869 1386 1907 pater
1413 1860 1601 1903 familiam,
1648 1861 1697 1896 de
1735 1864 1843 1898 cuius
1878 1874 1949 1911 pa·

133 1927 341 1967 trimonio,
382 1938 510 1975 eoque
534 1927 785 1971 inconsulto,
822 1928 951 1964 altena
980 1941 1161 1978 quaeque
1189 1930 1366 1965 decernit
1390 1930 1625 1966 insolentia!
1680 1932 1839 1968 Deinde
1867 1945 1948 1981 quo

131 1992 336 2030 humanior
363 1999 532 2043 optimus
560 2000 726 2047 quisque
751 1998 1015 2041 dominorum,
1043 2013 1123 2049 quo
1150 2004 1273 2036 maior
1296 2000 1584 2048 patrisfamilias
1613 2005 1655 2037 in
1683 2013 1864 2038 cunctam
1893 2003 1949 2039 sa-

129 2063 275 2098 miliam
311 2063 553 2113 benignitas,
600 2082 679 2117 quo
715 2072 835 2118 magis
871 2069 969 2105 haec
1000 2074 1139 2107 intimo
1176 2084 1222 2106 ex
1257 2074 1386 2106 animo
1421 2072 1623 2118 profecta,
1669 2086 1749 2121 quo
1786 2076 1950 2110 interior

130 2137 273 2182 gratia,
316 2136 358 2170 in
391 2147 469 2183 qua
501 2139 531 2173 is
561 2141 645 2187 ipse
676 2153 799 2188 puer:
839 2153 887 2188 eo
914 2143 1068 2191 gravior
1094 2149 1149 2177 est
1174 2143 1334 2184 iniuria,
1373 2152 1421 2176 eo
1451 2144 1576 2177 minus
1606 2142 1833 2186 toleranda,
1871 2156 1947 2180 nec

128 2203 212 2255 ullo
253 2216 427 2258 unquam
460 2207 581 2243 modo
618 2211 813 2258 expianda
850 2220 917 2246 aut
946 2212 1169 2258 pensanda;
1207 2214 1407 2260 pensitatis
1443 2215 1671 2260 gravissimis
1707 2217 1787 2250 istis
1821 2216 1945 2257 malis,

130 2284 230 2320 quae
263 2276 305 2307 in
337 2287 503 2320 puerum
538 2280 683 2325 ipsum,
726 2294 894 2330 eumque
927 2285 1203 2325 miserrimum,
1246 2296 1291 2318 ex
1323 2285 1558 2318 castratione
1594 2284 1832 2321 redundant.
1883 2287 1947 2322 De

128 2340 267 2391 quibus
304 2340 532 2381 consulatur
565 2348 597 2396 ξ.
625 2349 673 2387 11.
722 2351 808 2388 Nec
842 2354 982 2387 mirum
1017 2355 1172 2403 itaque,
1221 2365 1288 2389 cur
1320 2364 1452 2401 poena
1487 2357 1662 2402 privata,
1696 2368 1822 2406 eaque
1849 2368 1946 2405 qua·

130 2412 282 2462 drupli,
313 2412 358 2446 in
385 2411 488 2451 hanc
516 2426 661 2455 statuta
687 2423 736 2457 sit
765 2424 1048 2458 temeritatem?
