2231 2796
254 88 304 171 iss
1045 128 1287 159 εει-..ξε

253 239 485 278 nnninvs,“
521 246 601 283 quo
631 244 653 269 a
679 230 916 282 phreneticis
946 231 1189 271 discernitur.
1200 234 1238 256 “'
1263 229 1350 271 Lib.
1377 231 1407 272 1.
1440 230 1616 270 Morbor.
1646 231 1883 278 Chronicor.
1913 234 2009 282 Cap.
2028 234 2074 270 V.

252 319 295 354 p.
321 307 410 351 526.

1102 445 1134 480 G.
1169 443 1242 480 lx.

441 515 604 562 Optimo
644 516 790 560 itaque·
819 514 904 548 iure
941 503 1131 565 Φρενίτις
1172 514 1345 550 Viviano-
1384 514 1527 550 dicitur
1580 526 1626 551 ex
1664 513 1842 550 febribus
1881 516 2085 552 achdIsses

259 586 400 623 Obiter
431 584 674 621 monendum
713 592 791 622 est,
829 592 868 630 et
890 586 1128 619 recentiores
1157 583 1380 621 observasse
1408 597 1544 620 verum
1569 584 1670 620 adeo
1699 595 1823 634 atque>
1844 596 2079 635 perpetuum

258 656 420 705 aliquod
453 666 744 691 MtLANCt-{OLIAE
779 665 901 703 genus
938 665 960 688 a
994 666 1167 690 renmnvs
1203 664 1392 693 exortum.
1442 655 1501 691 Ita
1531 666 1576 691 ex
1604 653 1715 691 febre
1742 657 1979 700 autumnali,
2017 646 2080 693 ea-

258 741 336 777 que
365 727 525 768 biliosa,
570 724 803 759 Guilielmus
833 725 981 766 Grani,
1023 725 1189 773 Angliae
1217 727 1390 761 medicus
1419 725 1719 768 celeberrimus,
1757 728 1797 760 in
1828 727 2080 763 Observatio-

255 797 370 834 nibus
400 797 448 832 ad
475 803 658 831 naturam
687 796 1012 843 curationemque
1039 795 1230 840 febrium,
1263 799 1306 833 in
1334 796 1461 832 Germ.
1490 796 1513 831 l.
1540 799 1676 838 versis,
1710 797 1865 843 Lipsiae
1895 808 2005 845 1775.
2038 811 2080 846 p.

257 875 347 914 405.
400 867 457 901 Ita
494 865 623 901 febres
662 864 749 899 illas
778 863 1031 900 veliementer
1058 866 1265 909 ardentes,
1301 866 1455 902 Graeco
1484 847 1564 901 ’τῶν
1585 857 1754 904 naveis}
1781 870 1981 917 insignitas
2008 881 2081 905 no-

256 941 387 979 mine,
430 939 534 972 inter
565 936 804 984 gravissimas
840 934 1128 970 melancholiae
1169 948 1308 972 causas.
1329 937 1503 973 Joannes
1527 936 1748 972 Fridericus
1772 939 1953 981 Dusour,
1991 939 2083 974 Gal-

258 1008 335 1050 lus,
365 1007 499 1042 retulit
524 1008 566 1041 in
593 1006 813 1052 specimine
843 1004 892 1039 de
919 1004 1187 1043 functionibus
1215 1004 1441 1054 morbisque
1470 1008 1608 1042 mentis
1636 1004 1856 1050 humanae,
1880 1011 1920 1044 in
1951 1010 2083 1048 Germ.

260 1077 449 1112 translato
477 1077 583 1123 Lips.
618 1075 724 1121 1756.
763 1086 800 1120 p,
831 1077 917 1116 230)

1105 1213 1128 1262 ξ
1175 1214 1226 1250 Χ.

443 1285 625 1321 Tandem
652 1285 842 1319 vivianus
870 1283 918 1318 de
946 1287 1084 1320 mentis
1114 1283 1309 1318 alienatae
1336 1282 1566 1329 speciebus,
1609 1293 1769 1332 praeter
1791 1287 1903 1322 istam
1930 1288 2086 1324 Fanati-

262 1370 393 1397 corum
411 1383 423 1402 ,
456 1365 614 1405 praeter
642 1354 742 1390 hanc
768 1341 846 1388 τῶν
872 1339 1145 1402 Φρενητόῧῐῷν,
1179 1364 1399 1389 ormam-m
1424 1353 1611 1397 decrevit,

444 1432 640 1477 primum,
683 1424 890 1461 subsecuta
927 1425 1201 1467 restitutione,
1231 1423 1457 1472 >quidquam
1495 1428 1659 1461 actionis
1698 1421 1773 1461 tam
1809 1439 1948 1473 parum
1985 1427 2086 1464 obti-

656 1507 773 1536 nere,
810 1506 927 1542 quam
955 1496 985 1528 si
1013 1496 1250 1541 mancipium
1279 1492 1356 1529 hoc
1382 1493 1530 1529 febrem
1561 1495 1775 1543 aliquando
1803 1496 2020 1539 habuissem

447 1566 612 1608 deinde,
650 1567 789 1601 mentis
817 1567 1008 1600 insaniam
1036 1563 1319 1600 redhibitoriae
1348 1566 1494 1600 actioni
1521 1565 1652 1601 locum
1680 1578 1762 1600 non
1790 1566 1902 1609 dare,
1943 1572 2016 1603 nisi
2043 1582 2087 1604 ex

658 1635 858 1681 corporali
892 1634 1066 1682 quodam
1102 1636 1196 1668 vitio
1233 1642 1435 1675 exortam,
1463 1637 1569 1670 'eive
1605 1635 1856 1679 adiunctam,
1899 1641 2086 1686 quoniam

646 1703 822 1743 ‚Aediles
851 1703 900 1739 de
926 1701 1197 1752 corporalibus
1225 1705 1323 1739 vitiis
1351 1703 1595 1753 loquuntur;

449 1786 650 1819 attamen,
691 1788 735 1810 ex
773 1783 905 1822 empto
941 1777 1136 1809 actionem
1171 1773 1482 1816 admittendam,
1523 1778 1555 1811 si
1592 1776 1689 1826 quid
1723 1780 1771 1814 sit
1808 1779 1926 1815 animi
1952 1780 2087 1814 vitium

509 1847 609 1890 tale,
643 1856 686 1882 ut
716 1846 755 1881 id
783 1858 804 1881 a
829 1845 1033 1881 venditore
1061 1847 1186 1892 excipi
1213 1854 1409 1892 oporteat,

447 1916 625 1961 tandem,
665 1916 824 1952 decerni
857 1916 962 1951 idem
996 1914 1143 1952 debere
1177 1915 1226 1952 de
1260 1913 1502 1965 gravioribus
1540 1916 1641 1953 adeo
1668 1928 1913 1955 msn’uzurus
1940 1920 2088 1965 specie-

510 1987 582 2023 bus
597 2012 609 2030 ,
642 1996 687 2022 ut
708 1995 867 2034 praeter
892 1986 1055 2022 modum
1082 1986 1227 2030 timidi,
1255 1985 1456 2027 iracundi,
1489 1993 1529 2021 et
1557 1998 1659 2035 quae
1685 1995 1776 2022 sunt
1800 1986 1951 2023 similia.

447 2197 494 2235 Iu
523 2200 670 2236 cunctIs
696 2197 802 2236 hisce
827 2200 1095 2247 universisque
1123 2195 1416 2234 definitionibus
1444 2199 1566 2245 ipsam
1594 2206 1803 2239 naturam,
1838 2193 2097 2244 veteremque⁴

262 2266 519 2312 medicinam,
562 2270 702 2305 ducem
736 2269 883 2311 habuit}
906 2270 1107 2304 Vivianus.
1167 2268 1279 2303 Prior
1314 2270 1554 2312 enuntiatio,
1592 2266 1713 2303 modo
1749 2264 1849 2302 nihil
1880 2268 1930 2303 sit
1962 2264 2093 2304 morbi

262 2338 425 2374 recidivi
452 2341 728 2377 metuendum!
767 2354 840 2390 per
865 2353 906 2378 se
934 2340 1039 2376 clara
1068 2348 1134 2376 est.
1184 2340 1248 2375 Ad
1272 2339 1482 2376 secundam
1510 2339 1640 2375 habeo
1668 2338 1936 2381 monendum,
1970 2340 2093 2374 actio-

258 2418 351 2445 nem
375 2410 603 2448 Aedilitiam
632 2410 849 2449 othnuisse
878 2421 1010 2449 tamen
1036 2413 1078 2447 in
1104 2410 1282 2460 plurimis
1310 2410 1500 2453 Maniae,
1538 2410 1679 2448 furoris
1696 2434 1708 2455 ,
1748 2410 1974 2460 mentisque
2003 2407 2098 2446 alie·
