2199 2762
972 182 1213 215 a
1957 186 2007 218 21

177 300 339 336 omnino
364 295 464 330 Juris
490 295 710 330 Doctorum
740 293 1006 329 creandorum
1035 297 1153 342 copia
1178 292 1295 329 nobis
1323 284 1489 341 amplius
1518 293 1632 338 data,
1678 307 1753 343 pro
1780 294 1924 331 viribus
1952 303 2010 331 ta-

174 381 266 407 men
289 370 546 403 instauremus
574 378 693 402 unam
720 364 930 401 alteramve
959 376 1152 401 pvnmcim
1180 376 1514 402 EXERCHATtoNEM
1540 368 1581 402 in
1608 366 1745 402 mediis
1768 368 2010 415 optimorum

177 439 500 477 Commilitonum
530 439 700 473 cii-culis:
735 436 834 473 nihil
861 449 933 486 ego
965 439 1161 485 antiquius
1190 436 1302 479 duxi,
1340 450 1457 485 quam
1485 447 1529 472 ut
1557 437 1648 473 huic
1679 438 1841 473 Ordinis
1869 438 2004 473 Nostri

186 511 347 548 decreto
365 523 445 558 *pro
470 508 612 546 viribus
642 510 732 545 satis
760 507 941 544 facerem.
988 508 1108 544 Cuius
1135 509 1288 557 generis
1315 520 1648 546 szRCtrArronau
1675 521 1886 551 manteau:
1914 510 2005 557 ipsis

174 593 353 618 camzunts
388 593 521 616 maurit
555 582 597 615 in
631 591 840 617 avutromo
874 590 1111 614 vmvERSATls
1146 589 1304 619 maxoni,
1341 579 1452 626 quod
1486 583 1646 626 proprie
1680 591 2003 616 prunosopnonvu

171 654 378 689 crinissim
405 659 462 687 est
488 662 659 694 cunnus,
696 649 794 685 hora
816 649 872 683 XI
910 657 1001 683 ante
1028 648 1245 683 meridiana
1272 647 1497 684 habendam
1526 649 1647 685 literis
1677 648 1786 685 hisce
1811 649 1919 685 volui
1946 653 2009 685 in-

176 723 318 759 dictam
340 749 351 766 ‚
394 723 445 757 ad
479 734 646 769 eamque
681 720 1021 769 frequentandam
1060 728 1098 754 et
1122 723 1350 755 -communis
1388 723 1636 767 praesentiae
1670 720 1865 757 beneficio
1909 733 2004 758 con—

173 792 439 829 decorandam
464 801 862 831 vmosnuvssasNDOS,
904 801 1122 831 11..Lvs·rans,
1165 801 1373 825 GRATlosos
1404 803 1734 836 cramssmosqva,
1775 804 1993 828 ammanus

169 874 373 899 vunnmn
400 873 649 898 rnoressortss
675 872 799 905 arqva
822 872 1042 902 noemmin
1072 859 1217 896 deinde
1237 872 1521 898 commuromzs
1549 871 1705 899 nostros
1734 875 1937 906 tenentos,
1966 872 2005 898 et

170 943 528 975 Aits‘rvuuxssmos‚
571 943 787 967 Lirznanvm
822 933 985 966 cuiusvis
1019 933 1172 980 generis
1205 943 1429 967 srvmosos:
1477 932 1636 968 tandem
1669 946 1804 970 omnes
1844 942 1883 969 et
1918 936 2007 969 uni·

169 1016 299 1039 versos
326 1014 543 1040 mrsantvu
568 1013 786 1045 anrxvmqvu
813 1012 1022 1044 ramanus,
1065 1013 1214 1036 summa
1241 1000 1335 1043 hac,
1374 1014 1452 1049 qua
1478 1015 1553 1049 par
1580 1013 1656 1046 est,
1689 1007 1910 1039 reverentia
1934 1003 2005 1039 ha-

171 1073 240 1109 bui
265 1072 500 1109 invitandos.
561 1071 673 1114 Erit,
708 1073 854 1118 primus
882 1079 927 1105 ut
953 1083 1026 1119 ego
1053 1069 1225 1107 habeam
1257 1071 1556 1107 Oratsunculam
1586 1072 1635 1108 de
1661 1086 1810 1109 summa
1837 1077 2006 1111 necessi-

171 1152 252 1178 tate
286 1142 402 1177 studii
429 1142 528 1176 Juris
556 1141 725 1176 Romani
763 1141 1036 1188 elegantioris,
1076 1139 1177 1175 licet
1204 1152 1250 1175 ex
1277 1153 1350 1175 usu
1377 1141 1525 1177 forensi
1550 1142 1705 1179 Juribus
1731 1144 2004 1180 Romanorum

169 1225 243 1262 per
280 1211 530 1248 Germaniam
567 1209 810 1261 quandoque
848 1222 1005 1258 prorsus
1043 1209 1274 1253 eliminatis,
1323 1219 1454 1247 tamen
1491 1222 1684 1260 perpetua
1721 1215 1913 1251 industria
1951 1228 1998 1252 eo

172 1296 297 1332 usque
332 1282 564 1324 excolendi,
597 1291 641 1317 ut
677 1284 744 1330 qui
778 1281 900 1316 ictum
934 1292 975 1317 se
1008 1280 1263 1329 profiteatur,
1302 1282 1406 1317 idem
1435 1291 1473 1318 et
1500 1284 1673 1333 gaudeat
1699 1285 1908 1332 facultate,
1948 1287 2003 1323 le-

173 1355 291 1404 gendi
317 1352 644 1402 intelligendique
671 1354 999 1400 praestantissima
1026 1352 1095 1387 illa
1122 1353 1393 1387 Romanorum
1418 1353 1592 1389 Ictorum
1619 1355 1851 1405 fragmenta.
1919 1359 1999 1394 De·

175 1426 291 1467 inde,
328 1424 540 1459 lectionem
572 1423 904 1470 compendiariam
934 1423 984 1457 ad
1010 1423 1051 1458 L.
1076 1423 1185 1460 XIX.
1210 1436 1269 1471 pr.
1295 1425 1344 1460 D.
1374 1425 1423 1460 de
1448 1428 1573 1462 usuris
1601 1427 1735 1472 (XXII
1776 1429 1831 1474 1.)
1860 1432 2000 1465 recita-

173 1504 280 1531 turus
311 1503 367 1530 est
392 1493 583 1529 Henricus
609 1492 779 1534 Kiuvsa,
820 1493 919 1528 Juris
947 1492 1210 1534 Candidatus,
1254 1494 1431 1541 perfecto
1459 1498 1557 1538 iam,
1594 1508 1723 1545 eoque
1751 1496 2000 1547 diligentissi-

173 1579 257 1608 mo,
293 1565 422 1601 studio
458 1565 628 1612 insignis.
682 1563 805 1599 Porro
841 1563 1003 1599 similem
1038 1564 1089 1599 ad
1123 1564 1165 1599 L.
1197 1577 1227 1599 1.
1263 1565 1313 1599 D.
1349 1567 1391 1600 in
1425 1564 1566 1614 quibus
1602 1570 1726 1603 causis
1759 1571 1900 1617 pignus
1933 1570 1996 1605 vel

172 1635 395 1688 hypotheca
423 1637 539 1669 tacite
566 1632 821 1670 contrahitur.
856 1635 962 1682 (XX.
989 1637 1039 1683 α..)
1091 1632 1281 1682 Josephus
1313 1634 1535 1679 Gottwald‚
1572 1637 1797 1681 Silesiacus‚
1833 1642 1900 1688 qui
1926 1653 1998 1688 pa·

173 1711 268 1744 riter
301 1709 342 1741 in
378 1717 426 1742 eo
462 1713 539 1747 est,
580 1713 643 1748 ut,
692 1704 876 1752 perfectis
912 1705 1211 1755 diligentissimis
1246 1705 1381 1743 studiis
1416 1709 1458 1744 in
1492 1719 1699 1746 amoenam
1728 1709 1898 1746 Patriam
1935 1723 1996 1749 re-

173 1785 356 1814 vertatur.

357 1966 564 2007 Tandem,
608 1974 866 2015 posteaquam
904 1967 946 2001 in
992 1966 1171 2017 Collegio
1208 1981 1295 2005 meo
1330 1970 1637 2009 Hermeneutico
1673 1984 1845 2017 cuncta,
1890 1989 1992 2027 quae

173 2049 219 2077 ex
252 2039 421 2073 Viviano
457 2037 538 2073 Icto
570 2037 771 2073 Cervidius
800 2036 1012 2080 Scaevola,
1060 2039 1226 2083 Paulus,
1272 2040 1464 2088 leianus
1501 2043 1615 2080 nobis
1644 2046 1892 2084 tradiderunt
1917 2062 1996 2085 ser-

172 2118 410 2158 varumque,
444 2108 713 2158 praelegeram
739 2109 982 2159 fragmenta:
1020 2111 1061 2145 in
1090 2112 1170 2146 eius
1198 2113 1255 2147 rei
1281 2116 1507 2149 memoriam
1536 2116 1873 2168 Auditorumque,
1909 2123 1995 2168 qui·

173 2181 245 2217 bus
280 2180 379 2216 nihil
410 2178 503 2214 mihi
536 2183 642 2227 prius
671 2191 790 2230 atque
817 2183 1030 2229 antiquita,
1075 2181 1283 2218 utilitatem
1313 2185 1700 2223 Commentationem
1727 2193 1863 2237 scripsi
1890 2191 1995 2226 Prio—

172 2263 276 2294 rem,
310 2263 360 2287 na
386 2263 461 2292 εις,
496 2262 593 2293 QVAE
623 2264 720 2287 nvn
751 2264 931 2288 vrvnuvit
958 2265 1124 2295 RELATA,
1169 2253 1349 2289 Praeside
1376 2267 1458 2296 me,
1503 2256 1664 2304 publice
1691 2259 1995 2298 defendendam,

176 2322 267 2370 Quo
306 2320 491 2363 consilio,
532 2330 699 2370 rogante
732 2334 814 2365 me,
856 2321 1072 2358 liberaliter
1106 2333 1145 2359 et
1181 2338 1494 2362 nesronnzumvu
1528 2337 1567 2363 et
1603 2341 1868 2370 onom-‚nrum
1893 2337 1994 2370 vices

173 2390 382 2429 Auditores
410 2402 502 2427 vere
528 2390 681 2427 adsidui
707 2402 963 2442 susceperunt
990 2396 1182 2444 amicique
1208 2398 1284 2431 mei
1312 2400 1635 2442 aestumatissimi,
