2167 2780
160 188 218 218 ΩΟ

983 292 1018 336 5.
1052 291 1198 325 xxvi.

362 383 516 426 Velim,
555 381 753 418 auditores
779 384 856 417 mei
883 381 1132 432 lectoresque
1161 384 1468 419 aestumatissimi
1496 386 1891 432 eximet-pretatione
1920 383 2005 429 hac,

171 460 256 491 viva
284 455 456 505 quadam
485 456 722 503 cognitione,
752 452 989 502 intelligant,
1016 466 1132 503 quam
1164 462 1269 488 arcta
1297 455 1404 488 sitin
1422 454 1513 489 Jure
1533 454 1646 489 Civili
1673 467 1802 489 rerum
1830 458 2004 490 omnium

171 528 523 573 doctrinarumque
565 528 669 558 inter
702 535 744 557 se
782 528 1003 565 connexi03
1047 538 1164 572 quam
1198 524 1395 559 subtiliter
1424 525 1474 559 de
1502 538 1544 560 re
1571 538 1730 573 quaque
1757 535 1905 561 veteres
1933 526 2005 561 Icti

175 597 480 644 ‘disputaverinm
519 598 668 642 q'uanta
696 592 918 641 diligentia,
956 606 1073 642 quam
1101 597 1237 629 intima
1265 607 1351 629 cum
1380 597 1543 632 veritate
1571 595 1620 629 de
1646 594 1887 630 Ancillarum
1913 597 2005 631 Par-

176 677 218 703 tu
248 667 299 705 M.
324 666 461 701 Junius
487 665 651 706 Brutus,
689 662 808 699 Gaius
843 673 881 699 et
907 663 1118 712 leianus;
1161 674 1351 715 quantum
1388 667 1499 706 artis,
1543 667 1622 700 imo
1652 667 1846 715 mysterii,
1879 677 2001 715 quan-

175 749 255 774 tum
285 737 445 773 subsidii
477 736 528 771 ad
555 735 661 784 leges
691 736 1035 782 interpretandas,
1066 739 1106 772 in
1135 750 1183 772 eo
1211 750 1292 772 uno
1322 737 1579 780 collocatum,
1618 746 1684 777 ut,
1717 737 1913 786 quidquid
1940 749 2006 772 co-

172 812 410 859 gitationum
441 816 588 842 veteres
617 808 736 841 tacito
765 806 940 854 quodam
968 810 1147 843 acumine
1176 810 1412 859 argumentis
1439 810 1515 843 suis
1543 807 1849 855 implicuissent,
1886 807 2003 851 idem,

175 893 249 916 nos
277 879 384 915 felici
409 880 571 927 ingenio
604 876 799 923 explicare
827 876 1037 920 discamus,
1075 888 1112 914 et
1141 882 1328 914 extricare
1357 882 1467 927 quasi
1492 891 1611 914 manu
1637 878 1795 920 sedula;
1833 878 2006 919 tandem,

179 962 297 998 quam
326 950 532 984 temeraria
560 959 695 982 eorum
723 949 771 981 sit
798 947 942 995 agendi
969 950 1095 990 ratio,
1146 952 1213 996 qui
1246 961 1316 985 sua
1352 957 1495 996 sponte
1521 952 1749 984 vocaverint
1774 947 1846 984 sub
1872 960 2009 984 censu-

176 1032 259 1054 ram
294 1031 389 1054 wius
426 1028 633 1052 Avcronvm
668 1018 910 1058 sententias,
964 1029 1059 1067 cum·
1092 1030 1163 1053 sua
1200 1020 1329 1066 potius
1368 1027 1407 1054 et
1441 1021 1604 1054 omnino
1648 1020 1877 1054 recentioris
1924 1019 2011 1054 aevi

176 1090 313 1139 'dolere
343 1087 535 1124 debere-nt
560 1100 595 1121 m
603 1087 842 1124 ediocritate.

362 1972 422 2008 Eo
451 1971 623 2020 denique
650 1978 881 2018 perventum
910 1976 988 2011 est,
1025 1976 1093 2011 ut,
1128 1970 1340 2016 praemissa
1363 1964 1457 2010 hac',
1496 1964 1583 2013 (id,
1623 1963 1731 2013 quod
1757 1973 1883 2000 mores
1909 1962 2005 1998 Eru-

185 2046 354 2081 ditorum
387 2043 768 2090 Academiarumque
802 2039 981 2081 iubent!)
1033 2039 1332 2079 dissertatione,
1377 2026 1497 2072 liceat
1536 2034 1656 2078 mihi,
1708 2047 1792 2070 eam
1826 2033 2004 2082 profiteri

180 2117 500 2157 nunciationem,
553 2116 660 2150 cuius
697 2114 821 2162 gratia
854 2113 896 2146 in
932 2109 1134 2158 publicum
1171 2109 1244 2145 hac
1280 2111 1362 2143 vice
1393 2107 1550 2157 quIdem
1577 2105 1819 2154 prodiebam.
1872 2104 2004 2141 Habui

184 2187 414 2236 absolvique
440 2188 481 2221 in
507 2187 681 2221 semestri
709 2183 785 2219 hoc
813 2181 981 2218 hiberno
1009 2180 1319 2228 praelectionem
1349 2179 1518 2228 aliquam
1541 2166 1845 2240 ἐςμηνευτικῆη
1896 2189 2003 2227 egre-

183 2260 318 2308 giique
334 2256 569 2293 Auditorum
588 2255 772 2290 Meorum
796 2251 932 2288 circuli
957 2250 1208 2298 inspiciendis
1225 2251 1323 2286 Juris
1342 2250 1459 2286 civilis
1476 2250 1650 2287 fontibus
1674 2249 1930 2299 legendisque
1955 2259 2001 2284 ac

187 2326 496 2375 interpretandis
523 2334 693 2366 centum,
719 2332 757 2358 et
779 2334 882 2371 quae
907 2322 1084 2370 amplius,
1114 2322 1373 2357 Classicorum
1391 2321 1560 2357 Ictorum
1592 2323 1793 2358 exercirati
1814 2330 1905 2358 sunt
1928 2320 2005 2355 fra-

186 2400 367 2450 gmentis.
420 2396 622 2450 Quoniam
646 2392 1325 2431 novissimeAcademiaeViadrinae
1353 2404 1469 2429 curae
1496 2393 1685 2443 cordique
1713 2402 1782 2434 est,
1811 2401 1865 2436 ut,
1888 2390 2003 2431 nulla
