2199 2762
485 1058 638 1095 VIRO
676 1058 990 1097 ILLVSTRI
1018 1056 1250 1108 ”ATQVE
1282 1056 1691 1096 DOCTISSIMO

217 1182 482 1233 carolo
564 1182 909 1248 Augusto
983 1177 1385 1228 Guilielmo
1475 1176 1967 1246 BERENDS‚

285 1299 370 1330 Phil.
397 1307 429 1330 et
447 1296 539 1329 Med.
561 1298 719 1333 Doctori‚
745 1311 783 1331 ex
808 1299 961 1331 Gratioso
982 1293 1192 1329 Medicorum
1216 1294 1344 1327 Ordine
1367 1296 1548 1329 professori
1573 1297 1670 1329 Publ.
1696 1295 1883 1332 Ozdinario,

630 1377 826 1410 Academiae
854 1376 1034 1409 viadrinae
1064 1375 1108 1407 H.
1138 1378 1180 1408 T.
1215 1377 1347 1408 Rectori
1378 1377 1567 1420 Magnifice,

790 1457 905 1492 Amico
944 1457 1095 1487 omnium
1134 1455 1387 1502 colendissImm·

914 1535 1095 1569 Plurimam
1116 1537 1263 1570 Salutem
1277 1540 1283 1569 Ξ

191 1737 342 1823 Quem
375 1775 432 1812 ad
466 1775 632 1812 modum
666 1776 792 1815 ἨΒΙ,
841 1774 939 1810 VIR
973 1775 1283 1812 ILLVSHUS!
1329 1776 1401 1825 qui
1436 1788 1521 1811 noa
1556 1775 1678 1812 modo
1716 1777 1841 1812 vitam
1876 1790 2011 1814 meam

180 1847 275 1904 elus
302 1860 386 1882 una
411 1849 495 1883 vice
522 1856 612 1882 arte
644 1844 758 1881 TVA
785 1847 1034 1880 conservasti
1060 1858 1111 1880 ex
1138 1859 1316 1895 orcoque
1336 1848 1478 1895 potius
1504 1845 1640 1881 studio
1675 1846 1783 1882 TVO
1810 1851 2014 1897 eripuisti,

188 1917 261 1953 sed
294 1932 346 1954 ex
380 1931 458 1967 quo
497 1931 576 1953 uno
612 1920 740 1954 etiam
775 1916 880 1951 mila·
906 1916 1068 1955 omnia,
1106 1929 1213 1965 quae
1243 1915 1426 1957 iucunda
1452 1931 1504 1952 ex
1530 1917 1796 1954 humanitate
1823 1921 2011 1962 alterius,

192 2002 243 2026 ex
272 1990 509 2026 acutissimo
540 1989 711 2025 alterius
740 1988 904 2036 ingenio
920 2011 933 2027 ,
980 1998 1139 2022 summa
1166 1986 1455 2036 uberrimaque
1482 1987 1709 2029 doctrina,
1752 1988 1916 2026 homini
1946 2005 2015 2027 ac-

193 2059 332 2094 cidere
366 2068 565 2108 possunc,
611 2059 664 2093 ab
701 2059 775 2093 illo
812 2067 993 2105 tempore
1026 2057 1297 2097 acciderunt,
1357 2058 1665 2107 acciduntque,
1719 2073 1798 2108 quo
1837 2061 2018 2109 benigna

195 2129 401 2180 quaedam
426 2143 516 2166 sors
544 2131 748 2176 collegam
780 2129 890 2164 TIBI
909 2141 973 2163 me
1001 2127 1223 2169 adiunxit,
1251 2142 1328 2178 per
1352 2142 1395 2164 se
1422 2139 1574 2165 cuncta
1599 2139 1694 2165 sunt
1717 2143 1864 2172 sacra,
1902 2132 2018 2181 quid-

198 2200 299 2251 quid
333 2209 373 2237 et
403 2202 502 2240 sim,
553 2198 756 2249 quidquid
779 2211 862 2234 non
887 2199 1019 2247 plane
1046 2200 1177 2235 invita
1203 2201 1391 2234 Minerva
1412 2199 1713 2248 produxerim:
1752 2202 1817 2236 ita
1842 2214 1918 2237 nec
1944 2205 2019 2238 mi-

196 2285 308 2311 rum,
352 2285 424 2306 cur
453 2271 549 2318 huic
579 2272 840 2319 potissimum
864 2269 1206 2306 PROLVSIONI
1226 2268 1531 2305 inscribendum
1559 2273 1792 2320 putaverim
1817 2273 2027 2309 NOMEN

205 2341 282 2379 TV
279 2340 322 2377 V
320 2343 371 2377 M
386 2340 790 2377 CELEBERRIMV
783 2342 840 2376 M.
875 2340 943 2376 Ex
961 2338 1109 2376 mediis
1131 2340 1209 2376 TV
1203 2341 1265 2381 IS,
1286 2341 1424 2390 eisque
1441 2343 1708 2389 gravissimis,
1729 2355 1837 2393 quae
1864 2344 1915 2380 Te
1930 2345 2020 2393 ple-

201 2411 502 2452 namobsident,
532 2421 572 2448 ec
598 2413 803 2448 literariis
829 2413 1061 2448 muneribus
1090 2413 1315 2462 operisque,
1344 2421 1383 2447 et
1408 2401 1760 2465 πραγματικοῖς,
1787 2416 1832 2450 in
1854 2414 2023 2452 Acade-

202 2485 353 2523 micum
382 2485 486 2520 anni
511 2482 680 2522 huiusce
704 2483 993 2526 Rectoratum,
1029 2496 1105 2522 nos
1131 2484 1205 2521 uni
1232 2496 1392 2526 omnes,
1428 2495 1560 2535 neque
1585 2494 1781 2536 rogantes
1806 2485 1881 2523 sed
1895 2485 2025 2537 flagi·
