2199 2762
959 178 1201 212 a
1941 182 1993 215 11

174 292 339 343 Quoties
367 287 489 339 lianc,
517 297 557 325 et
584 301 628 325 ex
655 301 727 325 usu
754 300 871 339 quam
898 289 1153 339 quotidiano,
1181 299 1388 325 vernarum
1417 287 1568 324 domini
1595 300 1866 334 consmmere:
1905 293 1994 330 fora

173 370 368 399 testantur
400 360 591 397 venalicia
653 360 813 396 Deinde
845 373 959 396 mxv-rr
994 372 1090 395 aevo
1127 360 1314 408 quidnam
1348 360 1589 408 impediisset
1624 370 1777 408 patrem
1812 361 1990 411 familias,

173 445 254 483 quo
293 434 419 468 minus
453 433 496 467 in
526 435 621 467 vitas
660 429 970 467 debaccharetur
1004 429 1273 466 servulorum?
1324 431 1470 480 Vtique
1497 443 1614 467 nemo
1642 432 1871 475 Romanus,
1914 439 1991 472 nisi

168 503 292 551 plane
316 503 504 545 furiosus,
541 502 692 538 fercula
718 502 812 537 inde
837 504 1074 549 paravisset;
1107 501 1177 537 sed
1203 503 1286 549 quis
1315 514 1490 551 unquam
1519 515 1564 538 ex
1589 502 1708 551 pullis
1738 507 1890 554 equinis
1920 510 1992 543 asi.

169 576 340 618 ninisve,
373 577 441 624 qui
467 572 674 610 manifesto
704 582 835 610 tamen
860 576 945 609 iure
974 575 1017 609 in
1041 571 1258 608 fructibus?

992 710 1025 760 ᾗ,
1063 711 1167 747 XIII.

351 786 403 821 At
430 787 487 820 vir
511 785 673 822 Illustris
701 794 820 833 atque
849 779 1121 818 celeberrimus
1149 783 1234 829 ipse
1260 793 1344 818 non
1371 783 1530 830 plenam
1558 785 1674 821 fidem
1699 785 1837 823 habuit
1858 791 1996 827 inven-

171 867 235 899 to,
270 854 507 904 subiungens
535 868 682 891 novum
710 853 893 903 aliquod;
935 864 1067 901 neque
1096 855 1199 887 sicco
1227 853 1351 900 pede,
1393 868 1496 903 quae
1521 869 1671 892 summa
1694 867 1829 894 nostra
1857 863 1899 896 in
1928 874 1995 897 au-

175 936 322 963 ctorem
347 925 594 961 observantia
625 935 699 968 est,
738 923 1080 972 praetereundum.
1134 924 1191 957 Ex
1220 921 1294 958 hac
1319 928 1496 967 ratione,
1532 930 1642 975 quasi
1669 929 1842 965 secunda
1872 941 1911 966 et
1936 945 1995 969 se-

175 998 383 1036 cundaria,
420 1006 553 1043 partus
590 997 731 1031 dicitur
765 1008 848 1030 non
884 1007 966 1030 esse
998 996 1040 1029 in
1067 993 1218 1036 fructu,
1261 998 1352 1043 quia
1379 997 1526 1033 fructus
1553 1007 1754 1045 praestare
1781 1001 1992 1039 utilitatem

173 1069 399 1105 ancillatum
425 1076 557 1114 partus
586 1068 697 1103 nullo
725 1067 845 1101 modo
873 1069 1007 1113 possit,
1038 1078 1127 1100 cum
1152 1078 1228 1100 nec
1253 1069 1380 1112 operis
1411 1070 1490 1104 eius
1521 1071 1577 1104 uti
1606 1082 1805 1118 queamus.
1861 1073 1993 1122 Quam

172 1138 380 1173 utilitatem
415 1137 534 1183 pulli,
573 1140 639 1185 qui
672 1137 804 1183 palam
837 1137 879 1170 in
912 1134 1122 1177 fructibus,
1160 1138 1623 1185 praestant'gallinacei‚
1667 1144 1748 1176 ovis
1782 1143 1903 1180 modo
1931 1158 1995 1181 ex-

174 1208 302 1245 clusi?
338 1219 456 1256 quam
493 1207 593 1242 adeo
630 1208 764 1255 equini
799 1214 867 1241 aut
904 1205 1069 1240 asinini?
1120 1205 1171 1239 Et
1197 1205 1423 1241 animalium
1449 1207 1550 1243 fetus
1583 1218 1621 1244 et
1647 1210 1878 1248 ancillarum
1905 1227 1996 1262 par.

173 1290 234 1314 tus
262 1281 348 1326 pari
373 1280 458 1312 iure
481 1287 572 1312 sunt
599 1280 641 1312 in
666 1279 816 1316 fructu,
853 1279 1001 1325 quippe
1025 1278 1175 1323 pariter
1198 1276 1411 1317 fructuosi,
1448 1281 1623 1328 utrisque
1648 1281 1769 1318 modo
1798 1293 1904 1321 aetas
1932 1299 1993 1323 ac-

177 1352 332 1385 cesserit
357 1360 523 1389 ΑονιτΑς
555 1361 631 1397 qua
658 1348 837 1385 nondum
865 1355 1095 1390 consecuta,
1123 1349 1280 1396 utrique
1304 1360 1415 1396 spem
1443 1349 1616 1399 aliquam
1642 1354 1772 1399 potius
1798 1355 1994 1402 praebent

177 1434 294 1471 quam
321 1420 539 1462 utilitatem,

999 1489 1029 1537 β.
1066 1491 1175 1530 XIV.

355 1562 464 1598 Nihil
497 1563 693 1610 impedio,
734 1574 812 1610 quo
844 1563 970 1597 minus
1003 1564 1276 1597 recentiorum
1304 1564 1461 1612 ingenia
1497 1571 1753 1599 exerceantur
1784 1566 1987 1606 invenien.

176 1634 232 1671 dis
270 1637 379 1671 novis
415 1633 647 1683 quibusdam
683 1632 950 1667 doctrinarum
984 1641 1158 1668 veterum
1195 1636 1318 1669 causis
1355 1636 1694 1682 argumentisque;
1735 1647 1810 1671 nec
1846 1638 1993 1676 desais-

176 1718 280 1744 sem,
326 1707 360 1739 ei
387 1704 572 1751 plurimas
602 1715 716 1752 agere
743 1706 907 1751 gratias,
948 1703 1161 1749 plurimum
1193 1707 1473 1746 reverentiam,
1517 1707 1583 1752 qui
1606 1705 1746 1740 melius
1775 1708 1994 1756 quidquam

176 1774 413 1825 protulisset.
466 1773 544 1808 Sed
571 1772 669 1807 nihil
699 1773 881 1819 adparuit
910 1784 955 1807 ex
980 1772 1266 1809 recentioribus
1294 1776 1483 1813 inventis,
1524 1774 1634 1822 quod
1660 1774 1818 1823 quidem
1845 1779 1996 1817 medio..

178 1860 269 1888 cre;
311 1857 363 1881 ne
400 1844 542 1886 dicam,
594 1842 703 1892 quod
737 1841 916 1878 omnibus
950 1844 1120 1877 numeris
1157 1842 1396 1885 absolutum,
1446 1843 1566 1878 modo
1600 1844 1711 1892 quod
1742 1845 1913 1893 plurima
1948 1863 1995 1887 ex

177 1926 290 1966 parte
318 1915 584 1957 commodum,
617 1926 692 1949 nec
718 1926 797 1948 una
822 1912 991 1947 alterave
1016 1924 1174 1959 prorsus
1200 1916 1391 1960 ineptum.

360 1987 420 2022 Eo
455 1987 695 2022 acerbiorem
731 1982 891 2020 habebis
924 1995 989 2019 me
1025 1995 1246 2025 censorem,
1289 1996 1368 2033 quo
1400 1983 1577 2020 acerbius
1605 1994 1800 2031 veterum,
1841 2002 1997 2027 eorum-

183 2072 260 2109 que
288 2058 552 2101 classicorum,
584 2057 755 2093 Ictorum
782 2056 964 2091 notavisti
991 2054 1222 2097 doctrinam.
1284 2054 1367 2103 Ego
1397 2055 1557 2104 quidem
1584 2058 1614 2091 is
1641 2070 1745 2100 sum,
1784 2063 1851 2107 qui
1876 2066 1996 2111 magis

184 2130 311 2166 dicam
338 2131 421 2176 ipse
454 2127 548 2162 mihi
574 2139 744 2177 meoque
769 2129 928 2175 ingenio
952 2134 1086 2172 putem
1114 2125 1379 2167 scribendam,
1407 2139 1524 2174 quam
1551 2127 1622 2161 ulli
1648 2118 1800 2165 sincero
1823 2141 1998 2169 veterum

183 2203 422 2249 fragment03
463 2200 610 2247 quippe
643 2211 695 2234 ne
730 2196 1038 2234 erubescendum
1073 2199 1120 2232 sit
1145 2195 1258 2240 mihi,
1293 2205 1424 2232 mente
1454 2196 1603 2232 classici
1632 2202 1800 2236 auctoris
1827 2206 1997 2250 penitius

181 2270 395 2306 intellecta.

364 2339 411 2374 In
445 2352 571 2388 eaque
604 2352 647 2375 re
685 2338 842 2375 diffiteri
868 2329 1032 2389 ¹nequeo
1060 2342 1226 2389 graviter
1250 2350 1431 2386 peccasse
1461 2337 1689 2373 Cornelium
1717 2351 1792 2376 van
1817 2342 1999 2380 Binkers-

184 2411 304 2454 hoek‚
348 2410 397 2446 de
424 2412 497 2453 eis,
533 2423 628 2459 quas
657 2411 849 2461 leianus
878 2411 1059 2452 adduxit,
1098 2408 1313 2447 rationibus
1343 2407 1482 2444 acerbe
1510 2403 1775 2452 dubitantem,
1804 2425 1901 2449 vui
1928 2428 1999 2452 Ms-

186 2496 243 2521 ωε
270 2481 458 2519 numan?
1563 2476 1566 2479 ’
