2231 2796
252 158 338 202 ‘⁶4
1073 160 1312 190 ’ἑξ-.-

1121 268 1155 311 §-
1199 265 1266 302 VI.

462 337 634 377 Statum,
663 345 704 370 ut
733 338 895 382 opinor,
919 337 1004 382 ipso
1031 335 1170 371 Edicto
1197 336 1399 373 Aedditio.
1452 334 1637 372 Gebauer
1665 346 1703 371 et
1732 334 2013 386 Spangenberg
2039 336 2098 369 ni-

278 408 334 444 hil
360 414 620 459 monuerunt,
663 405 711 440 de
739 405 910 440 delenda
935 405 1038 441 sorte
1067 405 1190 441 altera
1217 408 1435 455 iterataque
1463 406 1675 454 particula:
1712 419 1796 444 avr,
1856 407 1945 455 Qua
1973 416 2100 440 serva-

281 489 339 521 ta,
386 489 517 513 sensus
546 476 647 510 ultra
678 475 838 511 modum
867 485 941 517 est,
978 479 1125 518 tenuis,
1171 489 1256 511 cum
1284 479 1408 512 omnis
1438 475 1591 512 deficiat
1618 475 1871 526 significatio,
1910 475 2099 525 quidnam

281 550 450 585 sanxerit
482 538 683 581 Edictum?
730 555 793 579 aut
833 544 898 579 ubi
935 546 1115 581 locorum
1144 549 1292 581 sanci-ta
1320 547 1437 581 suerit
1460 559 1594 593 poena
1623 546 1863 596 quadrupii?
1913 546 2000 593 Ipsa
2025 546 2100 580 Ba-

279 622 388 659 silica
421 617 590 652 habent:
640 604 712 648 καὶ
744 603 803 650 TE,
829 601 1191 667 παραγγέλματι
1224 605 1305 650 niv
1342 603 1614 669 α’γοςσινᾶμων
1649 603 1707 654 ἕις
1740 603 1789 650 τδ
1820 604 2102 674 τετςειπλοῦν.

282 695 344 738 (et
370 689 499 724 edicto
529 684 703 720 aedilitio
733 687 773 718 in
800 684 1062 731 quadruplum
1077 687 1107 732 1)
1150 684 1236 722 Lib.
1265 687 1346 724 LX.
1380 686 1454 724 Tit.
1481 693 1519 729 3.
1553 690 1586 733 §.
1617 694 1675 729 28.
1709 687 1825 722 Tom.
1848 685 1931 721 VII.
1966 697 2004 732 p.
2035 687 2101 730 54·

280 760 500 797 Ludovicus
531 752 761 790 Charondas
796 757 838 791 in
863 754 1070 791 Pandecti‘s
1099 756 1350 803 Antwerpiae
1387 769 1430 792 ex
1460 755 1618 793 officina
1647 755 1897 804 Christopho.
1922 755 2099 791 Plautini

286 838 397 879 1575.
419 841 458 876 p.
491 836 575 873 ¹¹9·
604 833 769 860 testatur
796 827 838 860 in
862 827 1065 874 margine:
1108 825 1294 867 „Inclusa
1322 825 1420 862 haec
1448 826 1568 863 dictio
1580 832 1604 850 “
1630 828 1727 875 (ipse
1754 825 1991 863 Charondae
2020 833 2102 860 tex-

283 912 343 937 tus
372 901 475 935 enim
502 895 660 930 lineolis
687 895 880 929 inclusum
909 895 1018 930 dedit
1047 896 1211 930 alterum
1238 896 1362 930 istud:
1390 898 1477 943 Avr)
1506 897 1651 940 „deest
1676 899 1718 932 in
1743 901 2032 937 MAstcnu’rss,
2062 902 2103 929 et

280 999 305 1018 ,‚
316 974 359 1008 in
383 967 504 1005 Basil.
535 965 605 1001 sed
638 964 714 1000 hoc
752 964 923 999 edictum
949 977 1030 1000 non
1056 974 1180 1000 exstat
1202 968 1245 1001 in
1272 964 1327 1001 h-is
1355 964 1463 1001 libris
1490 976 1535 1001 ut
1560 975 1701 1002 notant
1730 966 1881 1002 Graeci.
1894 970 1919 989 “
1969 963 2102 1000 Adno-

281 1045 472 1079 tationem
501 1035 602 1071 hanc
630 1035 792 1082 legimus
819 1034 935 1072 Tom.
961 1034 1044 1074 VH.
1067 1048 1106 1083 p.
1134 1044 1196 1083 95.
1248 1034 1380 1071 Editio
1408 1035 1695 1072 Pandectarum
1722 1036 1971 1079 nitidissima,
1999 1047 2102 1084 quae

281 1112 431 1163 prodiit
464 1109 616 1144 Parisiis
655 1118 701 1141 ex
734 1104 892 1141 officina
924 1104 1091 1141 Roberti
1125 1104 1314 1152 Stephani
1351 1115 1461 1154 1527.
1509 1107 1624 1145 Tom.
1649 1107 1679 1144 1.
1713 1110 1755 1143 in
1780 1114 1815 1150 8.
1851 1106 1919 1142 fol.
1953 1107 2041 1149 256.
2067 1112 2106 1143 b.

284 1183 404 1219 habet
431 1177 586 1215 adhuc:
625 1189 698 1212 Ανϊ
724 1189 764 1210 m
793 1188 1047 1219 QVADnervm
1073 1189 1118 1209 nx
1145 1188 1241 1211 LEGE
1268 1188 1332 1213 xu.
1358 1189 1442 1212 TAB.
1492 1175 1578 1212 Hac
1604 1176 1752 1212 dudum
1778 1176 2007 1223 repudiata,
2045 1186 2103 1209 se-

280 1252 481 1304 quendam
511 1259 593 1283 esse
621 1245 739 1280 credo
766 1245 976 1280 lectionem
997 1243 1234 1280 Charondae
1260 1254 1298 1280 et
1322 1245 1592 1283 Basilicorum.
1646 1247 1735 1294 Qua
1759 1249 1801 1281 in
1829 1257 1944 1281 causa
1969 1253 2104 1292 patro·

280 1331 381 1362 num*
405 1319 534 1356 habeo
561 1315 802 1351 liv-erardum
833 1316 1019 1350 Ottonem
1044 1317 1087 1351 in
1114 1315 1242 1354 Praef.
1270 1315 1321 1351 ad
1346 1315 1547 1365 Tota-111.
1577 1314 1695 1354 Thes.
1719 1315 1751 1352 J.
1777 1315 1824 1352 R.
1850 1328 1888 1364 p.
1915 1322 1974 1359 23.

1118 1455 1151 1505 ξ.
1187 1455 1271 1494 VII.

466 1531 566 1566 Cum
595 1539 639 1563 ex
667 1538 850 1562 rnncxsrs
878 1525 1056 1562 fanaticis
1086 1527 1288 1562 venditum
1316 1535 1374 1563 est
1401 1526 1563 1576 aliquod
1591 1529 1841 1575 mancipium,
1870 1526 2005 1576 quoad
2025 1525 2101 1562 hoc

282 1614 493 1643 rnnnosxvs
527 1599 675 1634 factum
710 1595 938 1639 castrand0,
979 1598 1064 1644 ipsa
1099 1599 1290 1644 praecisio
1327 1609 1400 1646 pro
1425 1599 1520 1634 vitio
1549 1600 1745 1646 corporis,
1793 1606 1860 1633 aut
1884 1609 1958 1645 pro
1986 1608 2103 1633 causa

281 1672 553 1712 redhibitionis
580 1679 664 1703 non
690 1665 826 1701 haberi
852 1677 967 1712 posse
986 1666 1153 1702 videtur.
1199 1667 1283 1703 Nec
1309 1676 1442 1704 tamen
1468 1680 1621 1716 semper
1646 1667 1853 1703 castrando
1879 1669 1979 1703 servi
2004 1666 2104 1703 fiunt

282 1745 562 1794 pretiosiores;
604 1738 726 1772 veluti
760 1739 791 1771 si
827 1739 911 1784 quis
947 1736 1136 1784 grandior
1166 1733 1284 1780 natu,
1331 1747 1397 1796 ant
1432 1738 1590 1787 quidem
1621 1740 1724 1773 iusto
1758 1737 1996 1778 deformior,
2046 1740 2100 1773 eis

282 1811 510 1853 muneribus
538 1811 664 1857 impar
689 1806 835 1851 fuisset,
864 1819 1031 1856 quorum
1059 1810 1183 1857 gratia
1209 1811 1341 1858 magni
1365 1808 1527 1845 fuerunt
1553 1808 1660 1857 apud
1683 1808 1883 1845 Romanos
1909 1807 2105 1845 Eunuchi.

284 1889 376 1935 Quo
414 1880 575 1932 quidem
610 1890 702 1915 casu
733 1880 819 1926 ipsa
851 1879 1044 1925 praecisio
1075 1880 1117 1914 in
1151 1881 1308 1917 summis
1336 1887 1420 1917 erat
1447 1881 1621 1929 corporis
1646 1880 1766 1928 ipsius
1794 1880 1911 1922 vitiis,
1941 1890 2014 1927 per
2043 1890 2101 1923 ea,

285 1969 389 2008 quae
417 1954 521 1990 dicta
547 1959 639 1987 sunt
672 1952 704 1995 §.
734 1962 769 1987 2.
828 1949 1030 1985 Manifesti
1058 1958 1189 1985 autem
1213 1952 1307 1987 iuris
1335 1960 1412 1996 est,
1446 1962 1535 1987 cum
1559 1951 1756 1999 praecisus
1785 1948 1924 1998 aliquis
1950 1949 2105 1985 Fanati-

286 2041 352 2065 cus
386 2039 432 2061 ex
455 2024 738 2058 Demossorum
772 2031 937 2055 numero
970 2019 1115 2060 fuerit,
1159 2029 1226 2055 aut
1262 2034 1361 2070 quos
1392 2028 1585 2056 vocarunt
1623 2019 1903 2062 Carsatnati0s‚
1947 2032 1993 2055 ex
2025 2018 2103 2056 hoc

285 2097 371 2135 solo
407 2093 584 2140 corporis
618 2091 713 2124 vitio
746 2088 1267 2145 actionemuredhibitoriam
1303 2090 1533 2141 obtinuisse.
1589 2089 1677 2126 Hoc
1704 2088 1852 2126 disertis
1878 2088 2005 2127 verbis
2033 2090 2104 2128 do·

290 2170 369 2203 cuit
395 2163 539 2201 Paulus
567 2160 592 2195 l.
614 2171 650 2208 7.
678 2159 728 2194 1).
757 2157 806 2193 dc
827 2158 955 2194 Aedil.
982 2158 1108 2195 Edict.
1142 2159 1262 2205 (XXI.
1293 2161 1343 2207 ι.)

467 2232 573 2277 „Sin
601 2239 731 2266 nutem
760 2231 844 2279 quis
871 2231 926 2264 ita
953 2229 1078 2277 spado
1106 2235 1184 2274 es't,
1229 2239 1272 2266 ut
1300 2238 1378 2266 tam
1404 2232 1622 2268 necessaria
1648 2242 1737 2280 pars
1764 2231 1941 2278 corporis
1969 2237 2008 2265 et
2031 2241 2102 2278 pe·

466 2305 605 2346 „nitus
635 2301 754 2344 absit,
793 2312 987 2336 monssosvs
1016 2308 1086 2336 est.

464 2374 586 2422 Quod
625 2373 801 2420 adprime
836 2384 923 2407 cum
958 2383 1003 2407 ea
1038 2373 1240 2419 conspirat
1273 2372 1473 2418 doctrina,
1516 2387 1561 2411 ex
1589 2385 1665 2424 qua
1692 2374 1907 2423 generatim
1935 2371 2102 2422 quilibet

285 2459 342 2486 est
366 2449 549 2488 vitiosus,
595 2446 657 2480 cui
685 2442 835 2491 aliquid
860 2442 1025 2478 membri
1052 2442 1261 2479 abscissum
1286 2443 1560 2482 laceratumve
1581 2446 1608 2483 l.
1640 2456 1703 2482 ιο.
1732 2443 1820 2481 eod.
1846 2446 1926 2479 imo
1953 2455 1998 2478 ex
2022 2452 2102 2491 qun
