2199 2762
894 149 1138 185 ξ
1867 151 1920 193 27

342 261 370 300 1.
398 262 456 309 69.
489 260 523 311 ξ.
551 269 588 308 3.
614 261 663 302 D.
691 260 740 299 de
764 261 872 299 eviot.
907 258 1032 310 (xxl.
1057 259 1116 309 ε.)

280 343 427 374 „mima
455 342 686 369 nonaunv-na
711 339 780 369 est.

339 397 367 436 1.
394 410 454 448 29.
491 402 527 447 ᾗ.
558 401 618 439 16.
640 401 691 437 D,
718 399 768 435 de
794 398 878 436 Lib.
907 407 945 434 et
971 406 1075 448 post.
1109 397 1301 446 (XXVIII.
1331 401 1379 445 25>-

279 469 392 514 „Res
418 472 472 505 ita
501 470 748 518 expedietur,
779 471 848 505 si“
876 487 924 509 -,-
951 486 1000 498 —

331 539 363 576 -l.
392 550 450 588 17.
478 538 528 576 ad
552 539 594 576 L.
620 539 722 578 Falc.
760 538 945 587 (XXXV.
972 537 1028 584 2.)

273 635 299 652 ‚‚
309 609 379 647 sed
405 623 518 646 nAon
544 612 671 646 sentio
682 614 708 632 “

334 680 349 714 l
392 693 450 717 ιο.
476 680 525 715 de
554 680 698 717 Collat.
724 678 821 715 bon.
854 673 1076 723 (XXXVII.
1107 675 1164 721 6.)

271 774 297 794 >o
309 761 435 785 Vt-:mvs
461 760 573 788 Ρντο.
584 753 610 772 “

329 819 358 855 1.
388 820 424 855 6.
459 821 490 852 si
517 820 611 856 fam.
635 819 725 854 furt.
754 817 827 852 fec.
855 816 927 852 dic.
964 813 1138 863 (XLVII.
1167 814 1220 862 6.)

98 897 133 922 et
161 898 262 937 quae
289 895 378 924 sunt
403 887 552 925 simili&

930 1035 963 1081 ς.
992 1032 1059 1069 ῙΠ.

274 1109 462 1146 Scaevola
497 1106 656 1143 Proculi
691 1106 923 1140 sententiam
958 1115 1046 1138 cum
1089 1101 1227 1137 dixerit
1269 1113 1517 1147 vnnxssnnu,
1562 1104 1630 1140 ille
1667 1103 1777 1143 'hunc
1816 1119 1902 1146 non

93 1180 313 1213 connexisse
345 1178 506 1219 videtur,
542 1177 612 1212 sed
638 1175 758 1210 modo
785 1174 1015 1215 illustrasse,
1053 1175 1237 1220 expressis
1265 1174 1317 1207 eis
1345 1175 1435 1219 ipsis
1464 1174 1770 1218 conditionibus,
1802 1192 1899 1228 quas

91 1256 129 1282 et
156 1248 342 1283 Proculus
371 1251 608 1296 cogitaverat
626 1271 636 1287 ,
671 1254 710 1298 et
736 1243 871 1279 abesse
898 1255 1001 1291 quae
1027 1251 1256 1291 nequeunt,
1299 1244 1502 1279 veritatem
1529 1253 1755 1295 rectamque
1781 1254 1914 1286 ratio-v

87 1328 178 1351 nem
201 1320 231 1352 si
258 1329 419 1365 quaeras
446 1319 487 1351 in
513 1315 666 1350 Proculi
692 1316 899 1350 sementia.
957 1312 1146 1360 Quaestio
1174 1321 1248 1354 est,
1276 1331 1324 1341 —
1350 1314 1545 1350 mittamus
1573 1317 1677 1351 enim
1703 1318 1901 1355 interdum

91 1398 196 1428 eam,
235 1399 335 1436 quae
364 1386 414 1421 ad
439 1386 657 1436 legatorum
683 1386 854 1432 pertinet
877 1385 1168 1419 ADEMPT10NEm!
1196 1401 1247 1411 —

271 1466 321 1491 an
358 1456 506 1505 legata,
543 1464 800 1503 posteaquam
832 1455 998 1489 instituti
1029 1462 1195 1488 mortem
1231 1452 1435 1496 obierunt,
1472 1455 1661 1494 codicillis
1689 1459 1896 1509 adscripta,

270 1539 289 1561 a
314 1525 530 1563 substitutis
559 1523 802 1561 debeantur?

237 1596 466 1630 Faciliorem
493 1595 665 1643 quodam
691 1593 812 1629 modo
829 1617 842 1632 ,
885 1601 924 1627 et
950 1595 1069 1641 magis
1095 1592 1339 1634 naturalem,
1384 1597 1654 1641 quaestionem
1681 1597 1784 1643 hanc
1810 1603 1899 1637 red-

86 1664 183 1700 didit
219 1664 426 1704 Scaevola,
469 1664 653 1699 heredem
687 1675 811 1699 sonvm
845 1665 1041 1710 cogitans,
1082 1663 1253 1710 ideoque
1286 1674 1336 1703 ex
1371 1675 1451 1701 Assa
1484 1667 1713 1705 institutum.
1763 1670 1896 1707 Vnum

85 1741 217 1766 tamen
240 1732 424 1778 idemque
453 1741 527 1773 est,
562 1735 641 1767 sive
667 1731 850 1767 heredem
877 1719 1175 1778 solum-ponas,
1218 1734 1297 1766 sive
1324 1732 1455 1778 plures
1483 1734 1717 1779 coheredes;
1761 1751 1896 1776 omnes

82 1813 197 1843 vero,
234 1809 442 1849 antequam
466 1800 637 1836 codicilli
663 1800 776 1840 facti,
810 1802 1029 1835 exstinctos.
1082 1800 1127 1834 Id
1153 1812 1272 1834 unum
1305 1804 1376 1835 erit
1403 1808 1684 1848 nocessarium‚
1720 1816 1764 1842 ut
1791 1813 1896 1859 cogi.

86 1880 140 1905 tes
169 1870 381 1905 codicillos
419 1883 466 1905 AB
500 1883 696 1906 msurvro
735 1883 778 1914 3.,
792 1869 839 1903 ab
866 1872 1047 1904 institutis
1077 1881 1157 1905 esse
1185 1870 1444 1907 confirmatos.
1499 1875 1588 1922 Qua
1615 1876 1769 1914 adiecta
1798 1892 1894 1917 con-

83 1941 232 1977 ditione
258 1943 452 1977 verissima
481 1949 537 1976 est
563 1940 740 1980 Proculi,
780 1940 973 1975 verissima
1000 1940 1213 1977 Scaevolae
1239 1943 1443 1977 sententia.

913 2075 944 2117 ξ,
980 2072 1046 2108 IV.

261 2139 397 2176 Omnis
431 2149 561 2176 autem
597 2141 883 2190 interpretandi
917 2143 1033 2177 totius
1062 2141 1266 2191 fragmenti
1304 2151 1341 2178 et
1377 2140 1582 2179 difficultas
1611 2153 1650 2179 et
1673 2149 1775 2183 ratio
1804 2161 1887 2185 ver-

81 2217 187 2244 satur
211 2211 251 2244 in
276 2210 566 2256 ponderandis,
609 2224 711 2259 quae
739 2224 813 2259 pro
840 2211 913 2247 hac
939 2215 1131 2247 sententia
1158 2213 1343 2255 militant,
1386 2217 1641 2262 argumentis,
1685 2226 1723 2251 ot
1749 2221 1791 2254 in
1817 2233 1887 2267 pe.

76 2281 179 2313 nitus
208 2280 421 2314 evincenda
449 2283 599 2316 sincera
627 2284 707 2317 eius
733 2284 967 2331 internaque
993 2286 1166 2320 veritate,
1226 2284 1288 2318 De
1326 2295 1402 2331 qua
1439 2284 1502 2318 vel
1535 2288 1701 2323 maxime
1734 2288 1885 2326 dubita-

75 2355 168 2381 runt
203 2355 241 2381 et
277 2351 526 2387 recentiores.
575 2350 632 2385 Ita
671 2351 829 2399 quidem
856 2352 1135 2395 Altamiranus,
1180 2356 1352 2401 egregius
1382 2353 1449 2389 illc
1475 2354 1555 2390 loci
1582 2354 1740 2393 huiusce
1766 2361 1884 2395 inter-

77 2427 181 2465 pres.
209 2416 236 2456 1,
260 2429 296 2453 c.
