2199 2762
983 162 1225 193 ,τε
1961 162 2016 206 13

377 271 534 321 „Quod
560 271 611 308 ad
635 274 693 308 ius
720 272 901 307 naturale
928 274 1085 315 attinet,
1123 282 1258 307 omnes
1288 278 1451 307 nonmzs
1481 283 1668 314 AEQVALEs
1697 273 1825 307 sunt“

195 357 270 382 nec
300 343 417 380 aliam
445 344 664 380 doctrinam
693 342 828 380 schola
853 342 1181 392 philosophorum
1206 339 1314 377 dabit
1341 342 1619 380 recentissima.
1643 360 1693 373 -

1031 488 1066 530 ς.
1098 484 1203 520 XVI.

382 557 583 605 Quantum
613 559 666 592 vis
693 568 804 599 vera,
834 556 1064 597 commoda,
1107 558 1186 591 imo
1213 557 1431 591 necessaria
1457 555 1544 591 Ictis
1573 554 1754 592 doctrina
1779 552 1877 589 haec
1903 553 2022 588 suerit

201 626 248 662 de
274 620 477 662 hominurn
500 636 640 663 natura
670 636 788 676 atque
814 626 949 663 indole
973 630 1158 675 primaria
1185 635 1224 662 et
1250 629 1413 663 omnino
1439 628 1615 675 ingenita
1642 625 1917 673 disputaturis,
1953 631 2022 658 aut

200 696 356 746 quidem
385 697 434 733 de
463 697 579 740 solis,
625 709 727 746 quae
754 709 1004 733 FRVCTVAmvs
1032 700 1073 732 in
1099 708 1234 735 servo,
1273 699 1314 731 in
1343 709 1453 731 usum
1482 697 1652 730 fructum
1681 682 1798 737 dato,
1834 693 2019 733 habebat,

195 768 368 802 iuribus:
413 771 455 801 in
492 768 567 801 alia
607 776 737 801 tamen
771 770 904 801 omnia
940 779 985 801 ea
1023 770 1065 802 in
1099 776 1233 813 parte,
1283 779 1409 814 eoque
1443 770 1483 801 in
1518 778 1683 815 genere,
1727 765 1796 801 ubi
1822 762 1920 801 nihil
1948 764 2022 800 suit

198 839 379 879 omniun,
424 836 531 885 quod
567 839 608 872 in
642 849 755 872 suum
793 838 935 886 cuique
970 836 1131 872 domino
1167 848 1249 871 non
1275 836 1413 871 liceret
1436 838 1697 884 mancipium,
1734 836 1915 871 abierunt
1941 835 2022 870 Ro-

196 920 401 947 manorum
430 911 535 950 i'ura,
578 911 726 957 quippe
753 921 854 956 quae
880 909 951 943 Icti
978 921 1065 944 non
1089 908 1368 951 condiderant,
1410 921 1546 944 verum
1572 908 1775 951 docenda,
1811 905 2023 943 tradenda-

197 991 275 1028 que
301 987 565 1027 susceperant.
618 978 960 1027 Quemadmodum
994 981 1111 1028 igitur
1143 978 1315 1014 Ictorum
1354 988 1530 1026 potestas
1565 991 1649 1015 non
1685 992 1733 1014 eo
1766 991 1891 1027 usque
1925 989 2022 1025 pro-

196 1052 330 1091 cessit,
372 1058 414 1084 ut
441 1051 526 1083 iura
551 1050 756 1098 legesque,
795 1053 959 1085 maxime
986 1053 1028 1085 in
1058 1053 1110 1086 eis
1138 1049 1337 1097 partibus,
1379 1063 1482 1098 quae
1515 1050 1788 1098 principaliter
1820 1052 1862 1084 in
1897 1051 2016 1084 vitam

196 1133 352 1156 omnem
385 1108 652 1162 nomesrchM‚
695 1122 773 1155 imo
803 1122 849 1155 in>
872 1133 1053 1155 clvrrAsz
1080 1131 1261 1156 ROMANAE
1286 1122 1473 1163 sacraria,
1518 1122 1561 1155 in
1593 1133 1684 1155 Jvmt
1718 1132 1937 1164 qvuurxvm,
1980 1121 2022 1153 in

196 1202 308 1226 sacro
344 1197 517 1224 sanctam
552 1202 680 1224 PATms
716 1202 885 1225 FAMILIAS
919 1198 1156 1237 potestatem
1190 1188 1466 1229 incurrebant,
1511 1203 1556 1225 ex
1592 1189 1845 1237 philosophia
1876 1190 2021 1237 aliqua,

198 1270 266 1295 aut
300 1261 521 1295 Stoicorum
555 1271 599 1294 ex
636 1259 841 1303 doctrina,
877 1263 1121 1309 corrigerent
1157 1262 1201 1295 in
1235 1259 1453 1308 meliusque
1489 1260 1775 1296 reformarent:
1816 1262 1869 1295 ita
1905 1259 2018 1294 nullo

192 1332 333 1374 modo,
377 1331 490 1366 nullo
525 1339 642 1377 pacto
677 1329 761 1365 fieri
793 1333 944 1378 potuit,
982 1340 1025 1366 ut
1059 1329 1227 1379 simplex*
1259 1328 1391 1378 aliqua
1426 1328 1757 1379 philosophorum
1793 1332 2013 1366 enuntiatio

195 1416 268 1451 per
310 1403 454 1450 placita
498 1400 626 1449 legum
680 1402 901 1450 iuriumque
953 1401 1121 1438 civilium
1175 1409 1441 1444 everteretur,
1495 1411 1561 1437 aut
1609 1401 1774 1437 indubia
1827 1401 2023 1449 quaedam

194 1464 469 1523 philosophica
497 1473 635 1506 veritas
665 1483 710 1505 ex
725 1474 930 1506 veritatum
958 1484 1061 1507 nexu
1088 1481 1205 1520 atque
1231 1471 1384 1513 ordine,
1412 1473 1579 1507 Ictorum
1609 1472 1770 1507 arbitrio
1800 1472 2020 1507 eliminare·

196 1555 269 1587 tur.
324 1543 440 1578 Vnde
480 1551 691 1578 consecuta
737 1552 794 1578 est
837 1555 918 1578 non
958 1542 1079 1578 modo
1119 1544 1214 1577 acris
1253 1541 1384 1590 aliqua
1422 1541 1699 1591 philosophiae
1734 1545 1825 1578 iuris
1862 1555 1908 1578 ex
1943 1554 2021 1591 qua

197 1618 383 1652 scientiae
411 1626 504 1649 suae
532 1616 675 1660 primas
703 1613 826 1650 lineas
855 1614 925 1649 Icti
955 1614 1169 1657 duxerunt,
1200 1625 1286 1648 cum
1315 1616 1399 1648 iure
1437 1601 1476 1646 ἐν
1512 1602 1628 1647 Siren
1664 1617 1897 1656 constituto,
1935 1627 2023 1649 cum

195 1688 328 1734 patriis
354 1683 547 1726 moribus,
586 1696 671 1719 cum
700 1696 771 1719 usu
799 1684 945 1720 lorensi
970 1686 1253 1733 ropugnantia,·
1293 1696 1425 1719 verum
1454 1687 1570 1719 etiam
1600 1685 1762 1728 callida,
1801 1685 2024 1726 artificiosa,

194 1760 273 1793 imo
302 1755 474 1791 violenta
503 1753 695 1803 quaedam
725 1757 951 1793 coniunctio
979 1754 1237 1796 dissimilium,

996 1897 1027 1941 §2
1059 1894 1183 1931 XVII.

381 1965 439 2001 Ita
467 1968 613 2009 evenit,
640 1973 704 2009 ut,
725 1977 812 2000 cum
839 1965 908 2001 Icti
935 1978 1013 2000 una
1038 1974 1150 2013 parte
1178 1977 1222 2001 ex
1249 1968 1333 2001 iure
1362 1964 1534 1999 naturali
1561 1967 1822 2015 universaque
1850 1965 2027 2013 philoso-

192 2036 286 2085 phia
313 2034 523 2072 habuerint
548 2044 818 2084 perspectum,
846 2035 1022 2071 homines
1054 2048 1136 2071 esse
1164 2036 1366 2084 aequales,
1396 2048 1528 2083 neque
1558 2035 1757 2071 hominem
1787 2038 1953 2072 hominis
1983 2040 2024 2071 in

193 2108 323 2143 fructu
344 2119 448 2149 esse,
483 2107 604 2142 altera
625 2117 755 2142 tamen
773 2115 886 2154 parte
903 2120 985 2143 non
1002 2107 1217 2156 gauderent
1235 2107 1314 2142 ulla
1338 2106 1469 2154 aliqua
1489 2106 1720 2150 facultates,
1762 2107 1896 2142 duram
1916 2108 2023 2142 illam

193 2181 485 2226 immanemquo
514 2191 670 2214 Douma
694 2192 839 2214 mimus
873 2192 913 2214 tu
947 2191 1128 2214 ΜΑΝΟΙΡΙΑ
1163 2178 1346 2213 indolem·
1376 2187 1494 2225 atque
1533 2179 1751 2212 docuinam
1790 2179 2023 2213 immutandi

191 2250 463 2297 mitigandive,
511 2252 552 2285 in
588 2248 771 2299 ambiguo
808 2248 884 2286 hoc
919 2249 1139 2286 discrimine
1173 2261 1380 2298 rerumque
1417 2247 1603 2283 conflictu
1637 2249 1698 2283 xcl
1740 2253 1906 2285 maxime
1953 2250 2023 2285 ‹10-

195 2327 339 2361 cerent,

374 2402 459 2425 eam
489 2403 570 2426 esse
596 2403 737 2427 Donum
766 2403 975 2435 ovuuTAnn
1003 2388 1274 2431 efficientium,
1310 2398 1353 2425 ut
1381 2402 1507 2432 stau,
1544 2399 1657 2425 exuta
1685 2403 1871 2433 prnsoNA,
1909 2401 2024 2427 exuta

376 2462 485 2510 quasi
515 2458 777 2504 humanitate,
811 2464 852 2497 in
879 2474 1007 2498 aarum
1034 2461 1210 2497 ordinem
1240 2473 1359 2510 atque
1385 2474 1592 2496 numerum
1622 2460 1786 2499 abirent.

1076 2566 1084 2583 ὃ

348 2595 367 2606 κ
