2199 2762
929 162 1172 192 ====
1904 178 1960 221 25

131 293 266 327 vitiosa
296 293 352 320 est
381 283 548 324 ancilla,
583 297 685 333 qnae
712 296 865 331 semper
890 291 1065 318 mortuos
1093 283 1246 330 pariat,
1281 283 1381 317 uteri
1410 283 1524 324 vitio,
1562 293 1629 318 aut
1657 286 1709 319 ita
1739 294 1863 330 arcta,
1910 297 1954 323 ut

127 359 266 394 mulier
294 355 375 390 fieri
403 367 484 389 non
511 359 630 401 possit
677 354 702 389 l.
735 360 792 400 ¹4·
823 366 881 401 pr.
910 362 948 387 et
980 353 1013 400 ξ
1041 365 1076 400 7.
1100 352 1194 386 eod.

307 426 420 460 Patet
462 425 600 460 exinde
633 426 871 459 verissimum
916 434 1023 461 esse.
1071 423 1187 456 etiam
1224 420 1420 464 doctrin&
1439 419 1514 455 hac
1554 420 1603 456 de
1648 424 1947 463 castrationibus

130 504 374 544 compa-rata,
414 496 524 544 quod
557 506 675 542 supra
709 494 825 531 docui
863 493 1083 528 Comment.
1114 504 1146 526 1.
1185 494 1218 537 §.
1247 504 1268 538 7
1294 515 1306 532 ,
1351 490 1420 525 ubi
1447 491 1633 527 vivianus
1669 493 1719 528 de
1756 507 1946 533 misnicts

130 567 275 603 habeat
307 578 551 605 sermonem,
593 576 677 601 non
714 564 763 599 de
796 563 1005 604 cambisis,
1048 564 1116 610 qui
1149 564 1190 595 in
1215 560 1379 610 Cybeles
1407 562 1657 604 sacerdotio,
1693 567 1948 614 cogitandum

135 650 237 679 csse,
283 649 370 672 cum
396 639 437 672 in
464 636 519 670 his
546 638 671 685 ipsum
699 635 949 682 praecisionis
977 634 1110 666 sitium
1139 635 1256 666 totius
1284 633 1341 665 rei
1366 630 1484 666 faciat
1508 632 1731 676 discrimen,
1773 637 1843 673 sed
1867 652 1949 674 mo-

134 707 186 742 do
215 707 262 742 de
291 706 373 742 aliis
402 705 635 755 quibusdam
657 692 849 739 Fafxaticis
875 702 1028 750 generis
1057 704 1336 749 cuiuscunque.

689 1027 1238 1066 commentatio
1318 1027 1410 1063 III.

184 1149 262 1185 AD
292 1147 502 1183 LEGEM
528 1146 648 1183 XIV.
674 1145 758 1181 PR.
785 1147 835 1182 D.
861 1147 939 1182 DE
965 1147 1111 1182 IVRE
1142 1145 1642 1182 CODICILLORVM.
1675 1147 1840 1195 (XXIX.
1868 1152 1925 1200 7)

658 1245 845 1281 Scaevola
878 1244 981 1282 libro
1008 1245 1110 1283 VIII.
1147 1245 1446 1293 Quaestionum.

328 1334 497 1384 Quidam
532 1334 728 1377 referunt,
767 1344 957 1385 quantum
983 1344 1141 1384 repeto,
1182 1320 1285 1382 apud
1310 1334 1516 1368 vivianum
1544 1331 1678 1367 Sabini
1707 1342 1745 1368 et
1772 1334 1893 1371 Cassii
1923 1346 1962 1372 et

148 1406 303 1441 Proculi
330 1409 543 1451 expositam
569 1419 650 1441 esse
676 1410 717 1441 in
744 1409 974 1454 quaestione
1002 1406 1223 1441 huiusmodi
1253 1409 1577 1439 controxersiam:
1604 1416 1651 1438 an
1671 1403 1813 1452 legata,
1842 1419 1959 1454 quae,

149 1486 408 1524 posteaquam
436 1477 601 1510 instituti
627 1485 791 1512 mortem
819 1474 1024 1518 obierunt,
1062 1475 1250 1511 codicillis
1275 1475 1468 1521 adscripta
1494 1473 1557 1509 vel
1584 1473 1766 1521 adempta
1793 1485 1904 1520 sunt,
1941 1490 1965 1513 a

151 1545 365 1582 substitutis
394 1543 642 1581 debeantur?
674 1545 715 1580 id
741 1554 818 1588 est,
846 1557 895 1581 an
921 1545 1086 1593 perinde
1114 1546 1221 1580 datio
1251 1554 1289 1579 et
1317 1535 1514 1591 ademptio
1543 1546 1658 1578 etiam
1685 1542 1762 1579 hoc
1788 1554 1965 1594 tempore

154 1615 342 1653 codicillis
370 1615 473 1650 facta
500 1615 647 1658 valeat,
685 1628 730 1651 ac
756 1618 786 1652 si
814 1625 1046 1652 testamento
1073 1616 1175 1651 facta
1205 1624 1327 1651 esset:
1367 1614 1489 1662 Quod
1515 1613 1767 1650 Sabinum'et
1783 1616 1969 1653 Cassium

154 1685 403 1733 respondisse
440 1688 568 1728 aiunt,
613 1685 782 1722 Proculo
823 1686 1096 1722 dissentiente:
1151 1688 1331 1721 nimirum
1361 1694 1489 1719 autc-m
1516 1683 1650 1719 Sabini
1677 1693 1716 1719 et
1743 1685 1862 1721 Cassii
1892 1688 1974 1723 col.

155 1755 295 1797 lectio,
333 1765 449 1802 quam
478 1763 514 1788 et
540 1757 614 1801 ipsi
639 1755 832 1795 reddunt,
873 1756 941 1790 illa
970 1765 1046 1795 est,
1082 1756 1191 1803 quod
1220 1755 1390 1790 codicilli
1417 1767 1490 1802 pro
1517 1764 1629 1801 parte
1659 1760 1879 1792 testamenti
1904 1757 1971 1793 ha.

156 1825 321 1864 bentur,
361 1823 752 1873 observationemque
784 1834 822 1860 et
856 1825 982 1873 legem
1015 1828 1107 1860 iuris
1141 1825 1235 1860 inde
1273 1826 1454 1859 traditam
1490 1833 1654 1860 servent.
1719 1825 1804 1874 Ego
1839 1838 1969 1865 autem

162 1898 283 1932 ausim
309 1896 541 1931 sementiam
568 1894 721 1930 Proculi
749 1897 979 1931 verissimam
1008 1894 1160 1930 dicere:
1185 1893 1329 1929 nullius
1359 1897 1460 1929 enim
1488 1896 1676 1930 momenti
1704 1904 1761 1931 est
1786 1896 1971 1947 legatum,

163 1966 272 2016 quod
299 1965 433 2000 datum
461 1974 517 2000 est
544 1968 605 2008 ei,
646 1968 713 2014 qui
740 1975 917 2013 tempore
944 1965 1213 2001 codicillorum
1242 1967 1282 2000 in
1310 1963 1425 2000 rebus
1455 1963 1632 2000 humanis
1660 1977 1743 2001 non
1771 1977 1846 2011 est,
1880 1970 1974 2007 licet

163 2038 385 2071 testamenti
411 2035 551 2070 fuerit:
592 2048 674 2071 esse
699 2038 801 2071 enim
829 2036 970 2078 debet,
1012 2039 1074 2071 cui
1101 2036 1226 2076 detur,
1292 2035 1449 2070 Deinde
1478 2041 1532 2070 sic
1559 2039 1716 2084 quaeri,
1762 2049 1812 2073 an
1842 2040 1977 2077 datum

167 2108 371 2146 consistat,
414 2114 457 2139 ut
485 2117 568 2140 non
597 2115 687 2141 ante
712 2109 804 2142 iuris
829 2110 928 2141 ratio
958 2119 1071 2155 quam
1099 2117 1265 2153 persona
1296 2105 1521 2153 quaerenda
1546 2109 1615 2140 sit:
1661 2115 1699 2140 et
1730 2109 1772 2142 in
1798 2115 1980 2158 proposi.

168 2184 209 2210 to
254 2177 391 2223 igitur,
441 2174 550 2222 quod
584 2185 675 2222 post
708 2175 857 2212 obitum
891 2175 1043 2212 heredis
1080 2175 1267 2211 codicillis
1300 2174 1498 2223 legatum,
1551 2175 1612 2210 vel
1649 2175 1876 2224 ademptum
1911 2191 1979 2226 est,

167 2244 312 2279 nullius
346 2248 534 2279 momenti
571 2255 647 2288 est,
684 2251 774 2295 quia
811 2247 940 2290 heres,
978 2247 1026 2282 ad
1067 2260 1179 2296 quem
1214 2258 1428 2282 sermonem
1458 2246 1656 2289 conserat,
1701 2249 1742 2283 in
1771 2249 1885 2287 rebus
1912 2251 1982 2289 hu·

167 2315 290 2349 manis
319 2325 399 2349 non
429 2323 514 2350 est:
550 2328 674 2365 eaque
703 2318 902 2367 ademptio
930 2327 967 2354 et
995 2318 1101 2354 datio
1128 2330 1232 2353 nunc
1259 2330 1356 2352 vana
1386 2316 1585 2353 efficietur.
1638 2318 1749 2355 Haec
1773 2322 1814 2356 in
1841 2334 1888 2358 eo
1915 2323 1983 2360 he-

169 2383 287 2424 rede,
321 2386 388 2433 qui
420 2396 465 2419 ex
503 2397 585 2423 asse
620 2390 818 2427 institutus
857 2391 951 2434 erit,
986 2390 1080 2427 dato
1108 2388 1339 2430 substituto,
1377 2391 1430 2424 ita
1458 2398 1502 2424 ut
1528 2387 1577 2425 ab
1603 2391 1782 2428 instituto
1809 2393 1984 2432 codicilli

174 2453 509 2493 confirmarentur.

1422 2544 1450 2575 q.
