2167 2780
189 202 244 234 10
978 198 1218 217 --'-¹''

1175 220 1219 229 ι.-

371 321 419 345 ve
443 307 586 344 ancilla
613 319 679 365 mizi
705 307 863 356 quidem
890 307 1137 356 patrimonii;
1161 318 1253 343 nam
1278 318 1412 357 partus
1437 320 1614 348 ventrem
1639 314 1816 363 sequitur
1842 323 1880 351 et
1905 318 2014 365 equi-

370 393 467 416 num
496 388 535 414 et
561 391 812 416 ANCLLLAREM.

393 448 584 492 Acerbius
619 448 748 484 adhuc
785 448 834 483 de
870 447 975 484 hisce
1009 449 1228 486 rationibus
1257 451 1414 487 Gmelin
1447 452 1656 493 iudicavit:
1693 465 1756 489 eas
1785 463 1925 502 putans
1948 458 2007 490 vix

193 535 239 558 ac
264 534 316 557 ne
343 523 405 555 vix
434 521 592 569 quidem
622 521 756 569 dignas
785 532 893 563 esse,
931 531 1033 568 quae
1060 530 1363 565 recenseantur,
1399 535 1450 558 ne
1479 524 1605 560 dicam
1633 536 1734 573 quae
1763 535 2005 569 censeantur,

190 606 296 643 quae
324 592 568 631 refutentur..

1041 739 1073 781 ς.
1109 735 1177 772 XL

377 809 523 843 Maiori
557 815 688 840 tamen
726 817 813 839 cum
850 807 968 840 animi
1003 814 1041 841 et
1074 808 1296 842 intentione
1325 816 1362 842 et
1386 809 1604 843 reverentia
1631 808 1857 848 novissima,
1896 819 2012 855 quam

192 880 412 927 exploravit
439 877 645 913 Cornelius
681 888 755 909 van
785 874 1076 918 Binkershoek,
1115 877 1375 924 ponderanda
1405 887 1461 913 est
1487 880 1608 918 ratio;
1648 887 1728 912 tum
1756 886 1920 925 propter
1945 889 2015 912 no·

192 953 308 986 minis
337 952 529 997 insignem
561 948 860 986 auctoritatem,
905 954 986 980 tum
1012 955 1177 994 propter
1203 947 1457 983 subtilitatem
1486 951 1724 997 argumenti,
1771 956 1809 982 et
1836 948 1945 996 quod
1975 951 2014 982 in

195 1034 243 1057 eo
282 1029 338 1056 est
374 1021 544 1068 ingenii;
587 1026 810 1066 postremo,
854 1019 1041 1066 quoniam
1076 1016 1262 1053 hactenus
1291 1029 1408 1052 nemo
1437 1021 1643 1067 quisquam
1671 1018 1885 1067 quidquam
1911 1022 2015 1054 inve·

191 1095 252 1129 nit
277 1091 428 1127 melius.

379 1162 499 1196 Corn.
535 1170 612 1192 van
646 1156 916 1191 Binkershoek
953 1157 1156 1192 Observat.
1190 1158 1270 1191 Jur.
1297 1157 1409 1194 Rom.
1444 1157 1530 1194 Lib.
1555 1158 1604 1193 V.
1639 1159 1734 1204 Cap.
1755 1158 1835 1196 VII.
1869 1161 1911 1194 in
1941 1160 2015 1207 Op.

379 1242 486 1267 omn.
520 1228 581 1263 Ed
622 1228 687 1266 IV.
723 1227 867 1267 Colon,
903 1226 1052 1263 Allobr.
1087 1228 1197 1274 1761.
1229 1227 1278 1268 Τ.
1299 1240 1327 1262 1.
1358 1240 1394 1275 p.
1419 1233 1501 1274 140.
1561 1227 1754 1262 Audiatur
1783 1237 1821 1262 et
1849 1228 2016 1270 Gmelin,

381 1314 444 1336 eui
478 1312 572 1335 mma
607 1310 768 1333 OMNIBVS
806 1297 941 1333 eadem
976 1297 1073 1332 haec
1101 1297 1232 1332 adrisit
1259 1300 1416 1344 opinio,
1451 1307 1489 1333 et
1516 1300 1584 1346 qui
1609 1301 1651 1333 in
1679 1298 1816 1332 eadem
1842 1302 1926 1345 ipse
1952 1312 2019 1346 pe-

377 1375 482 1408 nitus
526 1370 745 1418 adquievit,
797 1372 989 1404 rationem
1034 1369 1206 1417 denique
1241 1368 1463 1405 redditurus
1500 1369 1549 1404 de
1584 1377 1700 1417 partu
1736 1369 1921 1414 ancillae,
1968 1371 2017 1406 ad

378 1444 635 1478 fructuarium
664 1453 747 1476 non
772 1445 997 1488 pertinente
1040 1441 1065 1478 l.
1096 1454 1127 1476 e.
1156 1440 1239 1484 6.,5.
1270 1453 1309 1487 Γ.
1333 1452 1388 1477 12.

392 1512 600 1548 Cornelius
628 1511 718 1547 ideo
746 1520 901 1558 partum
929 1514 970 1546 in
998 1511 1127 1546 fructu
1154 1522 1236 1545 non
1264 1522 1344 1545 esse
1371 1513 1535 1552 statuit,
1554 1511 1662 1559 quod
1691 1523 1738 1546 eo
1771 1514 1825 1546 uti
1852 1512 1945 1555 frui,
1974 1523 2018 1548 ut

194 1585 362 1624 lubeat„
395 1596 480 1618 non
514 1586 729 1630 possimus;
773 1594 904 1628 neque
938 1594 1010 1628 per
1044 1594 1207 1621 Anvsvm,
1247 1593 1332 1616 cum
1371 1584 1724 1617 tamenrsructuum
1749 1582 1901 1618 indoles
1928 1597 2018 1631 pro-

194 1658 284 1703 prio
313 1653 488 1703 quodam
516 1638 600 1688 iure
629 1661 668 1687 et
695 1654 935 1687 coxsummni
961 1654 1002 1686 in
1030 1664 1069 1686 se
1098 1655 1301 1687 contineat
1330 1660 1585 1699 potestatem,
1628 1655 1775 1700 quippe
1811 1654 2017 1690 manifesto

196 1728 251 1764 in,
268 1729 406 1761 ceteris
434 1721 624 1758 fructibus
653 1720 953 1770 quibuscunque
983 1721 1145 1763 datam,.
1168 1724 1245 1756 imo
1275 1730 1313 1756 et
1338 1723 1376 1755 in
1406 1733 1593 1768 pecorum
1618 1721 1776 1759 fetibus.

378 1795 563 1838 „Omnes
597 1805 786 1840 pecorum
822 1792 924 1827 fetus
959 1795 1153 1840 integrum
1190 1801 1245 1826 est
1280 1801 1469 1834 mactare,
1515 1802 1553 1828 et
1584 1793 1764 1841 plerique
1803 1792 1852 1827 ad
1890 1792 2018 1829 cibum

376 1864 540 1908 ,‚utiles.
594 1864 751 1899 Partum
775 1875 893 1898 nemo
922 1863 1076 1898 occidet
1101 1865 1287 1911 impune:
1333 1871 1371 1897 et
1405 1875 1522 1900 nemo
1558 1875 1707 1912 coquus
1740 1862 1834 1899 inde
1868 1862 2018 1899 fercula

379 1933 627 1984 „parabitur

1032 2076 1065 2123 ’5.
1105 2076 1191 2114 ΧΠ.

382 2146 436 2185 'At
467 2150 626 2184 minime
662 2147 861 2183 fructuum
897 2158 943 2182 ea
979 2154 1035 2182 est
1069 2147 1224 2183 indoles
1256 2154 1374 2195 atque
1400 2153 1567 2189 natura,
1606 2154 1651 2181 ut
1677 2148 1758 2195 apti
1785 2148 1862 2183 sint
1889 2149 2028 2183 cuncti.

199 2218 250 2254 ad
277 2231 515 2261 vescam-»vm
545 2231 619 2254 nec
646 2222 808 2267 propria
836 2217 1031 2267 quaedam
1060 2217 1270 2252 destinatio
1301 2217 1425 2251 tendit
1452 2219 1492 2251 in
1520 2229 1674 2253 Anvsvn.
1715 2217 1777 2253 An
1802 2216 1918 2253 flores
1948 2219 2018 2252 mi-

193 2297 270 2324 nus
297 2291 346 2323 in.
366 2287 470 2324 horti
494 2288 718 2332 fructibus„
742 2302 858 2338 quam
889 2300 1006 2336 poma
1020 2288 1038 2323 Ρ,
1085 2289 1171 2322 Nec
1197 2286 1271 2332 illis
1301 2289 1509 2328 vescimur,
1535 2296 1585 2323 ut.
1604 2287 1730 2330 hisce;
1763 2288 1833 2323 sed
1860 2290 2017 2329 utimur,

194 2358 266 2395 sed
290 2358 476 2401 fruimur,
516 2361 681 2394 maxime
709 2359 800 2394 dum
829 2359 935 2395 salvi.
951 2367 1062 2398 sunt,
1108 2358 1197 2392 dum
1227 2357 1464 2398 incolumes,
1508 2368 1586 2393 tum
1615 2358 1789 2394 iucundo
1819 2358 2017 2406 adspectu,

193 2439 277 2465 tum
305 2429 475 2465 odorum
501 2432 712 2473 suavitate,
749 2439 831 2464 tum
860 2429 1012 2465 decoris
1041 2428 1265 2475 multiplicis
1293 2431 1428 2476 gratia.
1481 2429 1683 2466 Anv'rnuvn
1711 2439 1840 2466 autem
1869 2428 2018 2475 duplici

195 2499 345 2543 modo3
389 2498 658 2536 consumenda
683 2511 814 2535 rerum
841 2498 1084 2540 substantia,
1126 2510 1202 2535 nec
1227 2499 1401 2536 naturali
1429 2508 1578 2537 tamum
1593 2525 1605 2544 ,
1654 2501 1724 2537 sed
1752 2502 1870 2536 etiam
1902 2509 2018 2532 cn'lu
