2199 2762
557 611 788 651 PAVCA
824 589 1168 662 QVAEDAM
1194 608 1283 644 DE
1321 604 1626 644 VJVJANO.

384 713 883 749 Dissertatio
939 709 1163 757 quasi
1210 705 1796 755 praecursoria.

1040 960 1149 1010 §.L

179 1062 362 1125 Plurima
389 1083 674 1120 Pandectarum
700 1083 786 1119 loca
812 1081 1023 1118 vivianum
1049 1081 1175 1118 Ictum
1199 1092 1285 1118 non
1309 1081 1430 1118 modo
1456 1080 1693 1121 laudarunt,
1721 1090 1857 1132 verum
1883 1081 2001 1116 etiam

180 1157 418 1202 descripsere
483 1154 663 1201 Quorum
691 1153 860 1187 indicem
890 1151 1109 1186 dederunt:

356 1225 548 1273 Georgius
570 1223 788 1265 Eberlinus,
818 1222 867 1258 de
887 1222 1049 1271 Origine
1069 1223 1169 1258 Juris
1199 1231 1239 1257 et
1264 1224 1439 1258 omnium
1464 1224 1759 1271 magistratuum
1786 1231 1826 1257 et
1850 1233 2000 1259 succes-

423 1298 532 1331 sione
555 1294 811 1330 prudentium
839 1293 917 1328 Vit.
951 1294 1061 1341 1672.
1087 1306 1126 1341 p.
1147 1300 1235 1336 555.

354 1364 522 1403 Iacobus
548 1364 748 1406 Labittus,
790 1366 832 1400 in
864 1363 995 1398 indice
1030 1363 1161 1412 legum
1201 1365 1398 1407 omnium,
1435 1367 1607 1414 quaein
1634 1364 1843 1402 Pandectis
1873 1370 1998 1403 conti-

419 1445 593 1479 nentur,
630 1448 718 1471 cum
752 1434 880 1473 Praef.
914 1435 999 1470 Nic.
1034 1435 1142 1472 Hier.
1177 1434 1409 1484 Gundlingii
1442 1436 1625 1475 Francof.
1669 1445 1709 1472 et
1742 1437 1845 1485 Lips.
1886 1443 1997 1487 1724.

419 1521 463 1556 p.
491 1508 576 1555 267.

355 1577 501 1618 Abrah.
528 1577 700 1627 Wieling
726 1578 768 1614 in
792 1576 973 1625 Ipdentia
997 1576 1191 1614 Restituta
1217 1575 1337 1614 Amst.
1370 1588 1475 1627 ¹727.-
1503 1589 1543 1625 Ρ.
1563 1577 1650 1624 546.

174 1656 299 1694 Ecce,
332 1650 501 1687 eundem
527 1661 599 1696 per
625 1660 688 1683 me
715 1648 963 1695 descriptum.

233 1702 238 1705 Ι
357 1722 386 1758 I.
419 1720 444 1756 l.
478 1724 534 1766 ¹4·
568 1719 598 1766 β.
625 1727 647 1763 5
688 1720 738 1755 D.
768 1719 890 1767 Quod
916 1728 1006 1755 met.
1037 1732 1067 1755 c.
1097 1719 1183 1765 (IV.
1208 1719 1263 1765 2.)
1293 1759 1303 1767 ο

356 1792 404 1828 II.
435 1790 459 1825 l.
484 1798 545 1834 55.
576 1792 610 1834 §.
639 1802 662 1836 9
702 1790 751 1825 D.
784 1789 842 1824 Ex
868 1789 974 1838 quib.
1006 1791 1048 1825 C.
1073 1790 1166 1836 Maj.
1202 1789 1284 1835 (IV.
1313 1787 1372 1836 6,)

358 1862 425 1901 111.
458 1860 484 1897 l.
511 1872 570 1897 αι.
596 1859 626 1905 ἦ.
658 1872 715 1897 11.
744 1860 781 1894 D
827 1859 875 1894 do
902 1858 1064 1906 Recept.
1092 1858 1176 1904 (IV.
1203 1857 1261 1903 8.)

358 1933 427 1969 IV.
462 1931 486 1968 l.
520 1942 553 1967 1.
580 1933 609 1977 §.
639 1930 672 1965 6.
698 1930 748 1965 D.
772 1929 889 1970 Naut,
916 1929 1040 1977 Caup.
1068 1926 1176 1963 stab.
1212 1927 1292 1973 (IV.
1320 1928 1369 1974 9.)

358 2004 409 2040 V.
445 2002 469 2038 1.
498 2007 535 2048 4.
563 2004 595 2048 §.
624 2015 656 2038 2.
685 2001 737 2040 D.
762 1999 858 2036 ibid.

358 2073 426 2108 VI.
461 2072 489 2109 1.
518 2085 577 2121 27.
613 2074 645 2118 §.
671 2076 732 2120 24.
749 2071 809 2109 D.
837 2070 886 2106 ad
911 2070 1004 2120 Leg.
1030 2069 1162 2120 Aquil.
1197 2068 1279 2116 (IX.
1308 2069 1356 2116 2.)

355 2143 442 2181 VII.
480 2143 506 2178 1.
533 2156 595 2191 27.
626 2143 659 2192 §.
691 2150 750 2187 28.
782 2142 940 2184 ibidem,

354 2213 454 2251 VIII.
487 2213 512 2249 1.
545 2223 573 2252 1.
610 2217 644 2261 §.
676 2226 707 2252 1.
733 2215 783 2250 D.
815 2213 1021 2254 Commod.
1051 2211 1167 2260 (xm.
1192 2212 1241 2258 6.)

358 2285 415 2318 IX
459 2284 485 2319 l.
517 2294 571 2331 17.
606 2286 637 2329 §.
664 2289 702 2331 4.
735 2283 894 2319 ibidem.

357 2355 406 2389 X.
440 2353 465 2390 1,
498 2364 554 2401 ¹7·
583 2366 642 2402 pr.
669 2355 718 2391 D.
756 2354 1001 2403 despraescr.
1028 2354 1148 2393 Verb.
1182 2352 1307 2401 (XIX.
1335 2351 1391 2395 5)

355 2424 421 2459 XI.
457 2423 482 2459 l.
514 2437 544 2459 1.
580 2426 611 2471 §.
639 2437 675 2473 9.
704 2434 743 2462 et
774 2437 831 2463 10.
861 2435 900 2461 et
929 2439 986 2465 ιι.
1014 2427 1064 2464 D.
1094 2426 1142 2461 de
1170 2423 1293 2461 Aedil.
1320 2422 1390 2459 Ed.
1428 2420 1546 2465 (XXI.
1581 2422 1629 2468 ι.)

353 2495 440 2531 XII.
474 2494 499 2532 1,
531 2506 588 2543 ¹7·
623 2496 645 2543 ξ
682 2504 718 2540 3.
744 2501 782 2543 4.
808 2504 843 2539 5.
879 2495 973 2532 ibid.
