2231 2796
303 277 419 312 Rom.
456 275 551 320 Cap.
580 271 722 307 xxm.
750 274 789 306 in
817 271 842 312 f,
873 283 918 306 ex
946 268 1152 318 splendida
1180 269 1357 306 editione
1383 270 1555 305 Reimari
1583 271 1674 309 Vol.
1703 272 1748 311 11.
1775 271 1914 310 Hamb.
1945 280 2055 320 1752.
2084 285 2123 321 p.

310 360 425 385 1020.
466 347 631 380 Neronis
666 344 761 389 lmp.
809 341 1001 376 beneficio
1041 341 1245 376 Consum
1286 353 1522 380 sx'rrrzcrvn,
1575 352 1682 390 gesta
1718 344 1896 379 nondum
1930 351 2126 391 praetura.

306 421 476 457 Maxime
511 426 688 462 tempora
719 422 795 447 tam
824 412 991 446 feliciter
1019 413 1121 446 inter
1146 423 1187 446 se
1214 413 1459 457 conspirant,
1501 420 1545 446 ut
1571 412 1670 447 nihil
1699 424 1771 449 nos
1798 414 2006 461 impediat,
2048 425 2127 462 quo

304 494 431 527 minus
469 488 573 522 hunc
600 486 737 519 TAcrn
763 482 972 516 vivianum
1007 480 1220 516 habeamus
1258 492 1327 527 pro
1364 493 1533 523 nomio:
1575 482 1732 518 Proculi
1762 484 1955 521 auditor&
1982 484 2126 533 Sagata

306 567 430 605 enim,
478 571 593 608 quam
622 560 692 591 iste
720 556 832 588 initio
857 552 1125 601 sequebatur,
1161 552 1296 587 militia
1327 551 1487 588 huiusce
1516 555 1686 601 togatam
1716 554 1986 603 urbanamque
2013 554 2126 589 nullo

304 645 422 685 pacto
460 628 652 667 excludit;
701 637 775 660 nec
809 626 850 659 in
878 624 1046 658 Proculo
1082 622 1240 672 quidem
1272 622 1359 660 Lib.
1384 622 1401 657 1
1448 623 1593 659 Histor.
1629 624 1726 671 Cap.
1754 625 1891 663 XLVI.
1967 625 2126 662 Tacitus

305 707 504 745 meminit,
542 697 712 735 eundem
741 695 957 743 aliquando
985 695 1132 731 factum
1160 706 1244 730 esse
1271 706 1463 730 summum
1491 694 1674 733 Ictorum.

1155 838 1189 880 ς,
1222 835 1289 870 XI.

489 910 714 947 Posteriora
749 915 928 953 tempora
962 905 1094 953 plures
1124 904 1308 941 exhibent
1333 904 1534 943 Vivianos.
1571 906 1670 941 Cum
1697 904 1841 941 Basilio
1872 902 2131 940 Consulatum

305 988 420 1038 gessit
446 984 635 1018 vivianus
670 979 714 1013 A.
741 978 831 1023 465.
873 976 1094 1023 Imperator
1127 976 1208 1011 Leo
1245 975 1415 1010 viviano
1451 976 1491 1010 P.
1518 975 1560 1013 P.
1584 977 1807 1022 rescripsit,
1850 974 1878 1012 1.
1909 987 1966 1010 ιι.
1997 986 2056 1011 12,
2084 972 2130 1010 C.

307 1059 356 1094 de
394 1054 584 1091 Advocat.
622 1050 759 1084 divers.
797 1047 912 1081 iudic.
948 1046 1013 1092 (ΙΙ.
1044 1047 1102 1092 7.)
1139 1045 1364 1080 Gordianus
1399 1045 1503 1080 Aulo
1542 1044 1658 1080 alicui
1690 1045 1859 1080 Viviano
1895 1044 2012 1079 Anno
2043 1051 2129 1090 239.

304 1130 329 1165 l.
348 1141 383 1176 7.
412 1127 458 1161 C.
493 1122 544 1158 ad
570 1122 701 1156 Setum
732 1118 873 1162 Vellei.
915 1117 996 1160 XIV.
1015 1121 1095 1162 29.)
1123 1117 1284 1151 Joannis
1315 1115 1551 1162 Glandorpii
1581 1116 1865 1151 Onomasticon
1892 1115 1988 1150 Hist.
2014 1114 2131 1150 Rom.

304 1201 441 1236 Franc.
466 1202 571 1240 1589.
600 1190 675 1226 col.
699 1202 720 1237 ς)
750 1202 770 1236 7
802 1197 841 1223 et
859 1187 1050 1222 Vivianae
1069 1186 1268 1222 cuiusdam
1288 1188 1474 1221 meminit.
1535 1186 1639 1221 Fasti
1660 1194 1790 1221 autem
1808 1185 2026 1221 Florentini
2041 1187 2131 1232 maj-

308 1259 381 1303 τοὺ
402 1249 603 1305 Βιβισινιῦ,
637 1273 713 1295 una
745 1271 829 1293 cum
858 1257 1089 1295 Muschiano
1117 1257 1319 1297 Consulis,
1361 1257 1434 1292 Ao.
1462 1264 1539 1300 512
1582 1256 1799 1293 secundum
1826 1255 1932 1291 Petri
1958 1253 2129 1291 Relandi

306 1336 439 1374 Fastos
470 1332 706 1371 Consulares
735 1332 838 1375 Traj.
867 1330 951 1365 Bat.
986 1338 1091 1376 1715.
1120 1342 1158 1376 p.
1182 1330 1270 1371 631.

490 1406 599 1453 Quin
633 1412 671 1439 et
708 1403 896 1437 exstIncto
929 1401 1095 1448 imperio
1123 1399 1331 1442 Romano,
1375 1397 1579 1436 habuimus
1606 1399 1813 1442 Vivianos,
1855 1397 1977 1435 veluti
2001 1398 2133 1435 Vivia-

308 1493 402 1516 num
431 1479 624 1517 Tuscum,
667 1473 798 1522 legum
824 1471 1088 1518 professorem
1114 1471 1426 1512 Bononiensem,
1468 1472 1536 1519 qui
1562 1468 1661 1505 obiit
1693 1470 1804 1507 1260.
1838 1478 1878 1504 et
1901 1468 2035 1505 seculo
2065 1469 2133 1504 ad-

309 1551 385 1587 huc
411 1548 535 1584 XVII.
562 1547 778 1592 Baptistam
807 1551 846 1577 et
872 1541 1069 1576 Julianum
1097 1540 1299 1576 Vivianos.

494 1616 739 1663 Ceteroquin
775 1611 1106 1661 quemadmodum
1132 1610 1340 1646 Vibiorum
1374 1621 1523 1646 nomen
1559 1621 1581 1646 a
1608 1609 1766 1647 Vibone
1793 1610 1996 1647 descendit
2021 1612 2135 1660 oppi-v

310 1692 361 1727 ‹lo
391 1690 569 1725 Bruttio:

493 1759 639 1793 Anton.
667 1756 905 1803 Augustinus
936 1761 974 1787 et
1003 1751 1158 1786 Fulvius
1185 1750 1348 1787 Ursinus
1376 1750 1425 1785 de
1451 1750 1721 1787 Romanorum
1747 1749 1929 1800 gentibus
1958 1758 1998 1786 et
2021 1750 2133 1786 sami-

493 1829 552 1865 liis
580 1826 764 1876 Lugduni
796 1833 905 1872 1592.
936 1830 974 1871 p2
998 1830 1083 1867 155.

309 1906 364 1941 ita
390 1902 646 1938 Vivianorum
676 1897 775 1934 forte
803 1908 825 1932 a
851 1895 1039 1938 Viviano,
1077 1892 1226 1943 oppido
1255 1890 1457 1930 Rhaetiae.

1144 2039 1178 2082 ς.
1212 2035 1299 2071 XII.

495 2113 547 2149 At
575 2113 666 2148 satis
696 2112 795 2151 iam,
836 2116 875 2144 et
899 2107 1114 2156 perdocte,
1156 2104 1332 2142 effecisse
1359 2102 1456 2140 midi
1484 2101 1640 2143 video'r,
1678 2113 1858 2148 Qum-vx
1882 2112 1960 2139 noo
1989 2114 2137 2147 ermm

312 2196 487 2221 NESCXAM.

2164 254 2180 262 ο
