2199 2762
931 161 1173 193 ξιξ
1937 163 1990 205 ¹9

164 272 337 325 gaudere
363 282 556 308 noumvu.
608 267 696 306 Alia
732 272 836 306 enim
867 273 969 308 ratio
1005 273 1168 321 cogitari
1193 272 1362 321 nequit7
1409 283 1478 306 cur
1505 270 1613 320 leges
1638 270 1874 307 fructuarios
1904 282 1990 306 na-

166 354 466 466 GELLonvnQu
494 340 807 392 interdixerint'ffl

977 487 1012 528 §.
1044 484 1171 519 XXV.

344 552 461 589 Hisce
494 555 735 600 praemissis,
779 553 911 603 legum
944 564 1187 595 nostrarum,
1228 553 1252 590 l.
1279 554 1328 597 68
1376 566 1434 602 pr.
1462 554 1515 591 D.
1553 552 1603 588 de
1631 551 1764 589 Vsufr.
1804 551 1894 587 etl.
1928 557 1991 594 28.

164 625 198 670 5.
225 633 254 661 ῐ.
281 623 330 660 D⁴
360 623 409 659 de
437 624 594 665 Vsuris,
627 636 700 672 per
724 636 765 659 se
794 624 900 660 clara
927 634 1006 667 est,
1039 634 1073 660 et
1104 623 1290 659 facillima
1318 626 1604 671 interpretatio.
1658 623 1825 657 Constat
1854 620 1983 660 simul,

162 694 261 730 letos
288 694 586 743 diligentissimis
614 697 898 742 verissimisque
926 694 1052 729 verbis
1080 706 1161 729 rem
1190 697 1406 730 universam
1443 696 1677 729 enuntiasse.
1737 693 1867 727 Taciti
1905 693 1994 739 qui-

165 765 253 801 dem
279 766 646 813 praetermiserunt,
682 763 792 812 quod
820 766 946 812 primo
977 766 1118 814 cuique
1143 775 1216 812 per
1241 776 1282 799 se
1308 764 1578 799 manifestum:

343 834 523 868 Dominii
559 834 677 869 civilis
714 833 812 869 haee
839 843 895 869 est
922 833 1156 877 efficientia,
1187 844 1232 868 ut
1257 838 1355 869 servi
1382 838 1423 869 in
1449 847 1577 870 RERVM
1604 832 1826 868 habeantur
1852 843 1993 866 nurne-

344 917 418 947 ro,
463 906 584 947 iuris,
626 904 747 939 veluti
790 905 902 954 Legis
938 905 1143 954 Aquiliae,
1185 907 1315 954 rigore
1350 907 1450 941 adeo
1473 902 1699 953 ‚pecudibus
1734 903 1996 951 aequiparati,

342 975 516 1023 Ideoque
544 984 582 1009 et
609 985 781 1010 ventrem
812 975 1037 1011 ancillarem
1066 979 1242 1024 sequitur
1266 985 1430 1023 partus;
1476 984 1611 1024 estque
1639 977 1680 1008 in
1707 974 1838 1008 fructu
1865 972 1989 1007 domi-

343 1048 410 1087 ni,
456 1055 672 1080 ceterarum
707 1059 837 1081 rerum
872 1046 923 1081 ad
958 1049 1104 1090 instar,
1150 1047 1370 1095 eodemque
1405 1049 1525 1089 iure,
1566 1058 1611 1081 ex
1647 1057 1727 1094 quo
1763 1043 1865 1079 fetus
1905 1044 1986 1077 ani-

347 1115 519 1150 malium.

345 1185 469 1221 Simul
503 1194 630 1221 autem
666 1188 976 1233 perspicientes,
1016 1189 1100 1221 iure
1134 1189 1254 1236 magis
1293 1186 1489 1228 humano,
1534 1189 1615 1221 imo
1651 1185 1770 1233 plene
1799 1182 1985 1226 humano,

163 1257 335 1307 gaudere
371 1257 573 1299 ancillam,
616 1269 704 1292 cum
732 1257 782 1292 ad
812 1258 937 1293 solum
965 1269 1006 1293 se
1032 1257 1179 1293 reserat
1206 1258 1483 1300 fructuarium,
1531 1259 1605 1305 ipsi
1633 1255 1707 1292 sibi
1730 1259 1773 1291 in
1802 1268 1849 1291 eo
1882 1267 1991 1304 egre-

164 1331 225 1377 gie
259 1328 513 1377 placuerunt,
556 1337 600 1363 ut
634 1337 871 1365 renovarent
905 1338 1328 1379 repraesentarentque
1354 1326 1633 1378 philosophiae
1662 1326 1905 1370 doctrinam,
1946 1328 1989 1362 in.

165 1402 300 1434 ceteris
330 1401 432 1433 vitae
459 1399 603 1433 servilis
629 1397 805 1445 partibus
834 1398 954 1445 plane
981 1399 1233 1437 eliminatam.

342 1469 424 1511 „In
458 1469 586 1504 fructu
625 1468 791 1504 hominis
830 1468 946 1504 homo
986 1482 1069 1505 esse
1101 1474 1258 1519 nequit,
1307 1472 1494 1519 quoniam
1522 1471 1641 1516 ipsius
1671 1466 1839 1503 hominis
1870 1477 1986 1501 causa

342 1551 515 1583 „ornnes
552 1540 699 1574 fructus
735 1542 949 1587 comparati
984 1549 1084 1575 sunt.
1140 1542 1373 1588 Cuicunque
1400 1543 1518 1587 igitur
1545 1539 1688 1573 ancilla
1716 1551 1799 1573 non
1829 1550 1887 1572 res
1918 1546 1987 1578 est,

343 1612 448 1655 „sed
484 1611 604 1659 pleno
641 1614 725 1647 iure
761 1610 905 1647 homo:
950 1614 979 1647 is
1016 1612 1120 1647 idem
1146 1612 1245 1648 nihil
1273 1625 1319 1648 ex
1346 1611 1490 1647 ancilla
1518 1620 1561 1646 ut
1587 1610 1757 1646 fructum
1783 1610 1989 1657 percipere

342 1690 519 1729 ,‚potest.
581 1683 703 1730 Atqui
735 1694 853 1718 nemo
893 1691 968 1725 est,
1012 1685 1080 1731 qui
1107 1683 1289 1719 ancillam
1316 1686 1367 1717 ita
1398 1681 1470 1718 sibi
1498 1680 1643 1717 habeat
1670 1680 1906 1721 subiectam,
1943 1687 1987 1712 ut

342 1750 477 1793 „haec
506 1763 551 1785 ex
579 1764 708 1785 rerum
736 1764 901 1787 numero
929 1755 995 1794 sit,
1033 1756 1107 1788 nisi
1137 1757 1203 1801 qui
1229 1762 1387 1800 praeter
1412 1761 1670 1798 potestatem,
1711 1763 1813 1799 quae
1840 1763 1885 1785 ex
1912 1762 1993 1784 ser-

343 1820 525 1861 „viendo
553 1823 677 1862 venit,
719 1821 961 1863 naturalem,
1005 1822 1118 1856 simul
1147 1832 1185 1857 et
1211 1825 1409 1858 servientis
1436 1822 1652 1856 dominium
1681 1820 1827 1856 habeat
1856 1833 1990 1856 emir.

344 1892 471 1934 „Hoc
498 1904 581 1927 non
608 1893 744 1927 transit
770 1892 812 1926 in
840 1890 1103 1931 fructuarium.
1171 1892 1275 1941 Ergo
1302 1904 1376 1927 nec
1404 1891 1570 1943 ancillae
1599 1900 1733 1939 partus
1766 1891 1816 1925 ad
1842 1891 1991 1925 fructu-

347 1964 509 2005 „arium
534 1963 726 2011 pertinet,
768 1963 920 2010 quippe
945 1964 1012 2010 qui
1043 1962 1224 1997 ancillam
1252 1975 1332 1997 non
1360 1962 1480 1996 habet
1506 1965 1547 1996 in
1574 1965 1837 2009 patrimonio,
1886 1962 1995 1997 ideo-

346 2059 372 2076 ..,
384 2047 461 2082 que
489 2047 534 2069 ex
561 2047 605 2069 ea
631 2032 730 2069 nihil
759 2033 928 2082 adquirit
955 2037 1240 2076 accessionum
1267 2033 1365 2070 nihil
1392 2034 1591 2069 fructuum
1617 2036 1789 2076 nomine,
1817 2046 1903 2070 cum
1923 2032 1994 2069 ho·

343 2117 443 2147 „mo
472 2103 639 2141 hominis
665 2117 868 2155 nunquam
894 2106 942 2140 sit
969 2106 1010 2140 in
1036 2105 1173 2144 frvctu‘
1227 2105 1371 2141 Verum
1403 2104 1572 2140 'ancillae
1600 2113 1734 2153 partus
1763 2104 1991 2152 simpliciter

344 2176 432 2218 „ad
456 2179 706 2224 proprietatis
734 2179 905 2225 pertinet
932 2176 1155 2217 dominum,
1191 2181 1337 2226 quippe
1365 2180 1432 2224 qui
1460 2177 1563 2212 solus
1593 2189 1636 2211 ex
1664 2181 1748 2210 inre
1778 2177 1989 2223 Quiritium

342 2248 563 2287 „ancillam
588 2251 630 2283 in
655 2262 784 2285 rerum
812 2262 977 2285 numero
1006 2248 1137 2291 habet,
1167 2252 1277 2298 quasi
1305 2250 1513 2284 miserrima
1544 2247 1611 2283 illa
1639 2257 1820 2283 naturam
1854 2247 1992 2283 huma-

342 2329 470 2358 „nam
498 2320 688 2361 exuisset,
734 2318 894 2357 domino
924 2328 1078 2369 partum
1108 2320 1279 2364 editura,
1326 2317 1373 2355 ab
1409 2321 1493 2353 iure
1531 2320 1631 2353 fetus
1661 2330 1746 2353 non
1776 2322 1828 2353 ita
1859 2318 1983 2353 multo

343 2411 371 2432 ,7
381 2388 601 2430 distantem.
612 2395 637 2412 “
