2199 2762
172 528 253 566 AD
280 525 701 573 FRAGMENTA,
729 526 894 585 QVAE
920 526 1000 564 DE
1029 524 1273 562 VIVIANI
1301 526 1583 562 SCRIPTIS
1610 527 1987 565 PANDECTAE

566 617 1088 662 EXCERPSERVNT‚
1126 618 1588 655 co-MMENTARH.

805 746 879 755 ‹nn—-

754 857 1302 893 commentatio
1382 860 1417 895 Ῑ.’

356 978 408 1014 ad
439 978 481 1014 L.
507 988 540 1016 1.
576 979 606 1023 §-
635 988 705 1025 9-
731 989 787 1030 ιι..
814 977 863 1014 D.
891 976 941 1012 de
966 977 1089 1013 Aedilv
1119 976 1243 1013 Edict.
1278 977 1401 1023 (XXI.
1438 978 1489 1023 1,)

353 1049 544 1095 Vipianus
571 1047 689 1082 Libro
715 1047 732 1081 Ι
771 1047 820 1082 ad
849 1047 1027 1082 Edictum
1056 1048 1249 1082 Aedilium
1282 1047 1497 1085 Curulium.
1612 1090 1617 1093 ς

175 1121 209 1164 §²-
236 1130 272 1165 9.
324 1118 441 1164 Apud
473 1118 680 1151 Vivianum
716 1119 933 1164 quaeritur,
975 1119 1004 1151 si
1040 1129 1180 1151 servus-
1202 1120 1304 1151 inter
1339 1117 1529 1152 fanaticos
1563 1127 1647 1151 non
1681 1127 1834 1162 semper
1868 1125 1987 1164 caput

328 1195 447 1234 eaput
481 1189 662 1228 iactaret,
703 1194 740 1221 et
775 1186 916 1235 aliqua-
941 1186 1117 1233 profatus
1153 1194 1271 1227 esset,
1315 1197 1364 1221 an
1392 1186 1515 1221 nihilo
1542 1189 1667 1221 minus
1695 1198 1810 1220 sanus
1838 1186 1988 1220 videre-

331 1258 417 1292 tur?
467 1257 516 1291 Et
539 1259 591 1291 ait
617 1257 820 1298 vivianus,
864 1255 986 1290 nihilo
1013 1258 1138 1291 minus
1166 1255 1271 1296 huuc
1296 1269 1433 1291 sanum
1462 1269 1570 1292 esse:
1614 1268 1746 1304 neque
1775 1258 1877 1291 enim
1901 1269 1988 1297 nos,

330 1330 469 1375 inquit,
497 1330 621 1363 minus
649 1330 767 1363 animi
795 1329 890 1363 vitiis
918 1326 1067 1375 aliquos
1094 1339 1207 1363 sanos
1236 1340 1317 1364 esse
1345 1327 1574 1377 intellegere
1602 1326 1764 1362 debere:
1796 1326 1985 1375 alioquin,

329 1399 474 1446 inquit,
517 1396 710 1437 futurum,
748 1405 788 1431 ut
822 1398 864 1432 in
898 1395 1050 1432 infinito
1086 1395 1160 1432 hac
1194 1399 1348 1432 ratione
1383 1397 1524 1432 multos
1562 1409 1673 1432 sanos
1710 1408 1792 1430 esse
1828 1408 1990 1443 nogare-

325 1481 430 1502 mus:
475 1476 520 1502 ut
552 1476 647 1514 puta
682 1467 832 1509 levem,
878 1470 1208 1514 superstitiosum,
1250 1468 1507 1509 iracundum,
1545 1476 1814 1502 contumacem
1834 1492 1843 1507 ,
1890 1476 1923 1501 et
1956 1469 1987 1501 si

330 1550 408 1587 qua
436 1537 571 1573 similia
599 1547 688 1573 sunt
716 1539 832 1573 animi
859 1539 969 1579 vitiass
1010 1539 1128 1586 magis
1161 1540 1261 1572 enim
1291 1537 1339 1571 de
1368 1540 1542 1585 corporis
1567 1540 1751 1578 sanitate,
1797 1548 1912 1584 quam
1941 1536 1991 1570 de

331 1610 448 1643 animi
485 1611 584 1643 vitiis
617 1610 803 1655 promitti.
863 1607 1063 1642 Interdum
1092 1616 1245 1647 tamen,
1284 1610 1430 1656 inquit,
1468 1611 1600 1643 vitium
1629 1606 1836 1655 corporale
1864 1618 1989 1654 usque

331 1678 380 1712 ad
415 1680 583 1712 animum
618 1680 851 1724 pervenire,
897 1687 943 1713 et*
972 1690 1059 1713 eum
1095 1681 1254 1713 vitiare:
1306 1678 1423 1713 veluti
1458 1681 1703 1727 contingeret
1739 1667 1990 1730 Φςενᾳτζικῶ,

331 1749 421 1795 quia
457 1748 496 1782 id
530 1750 565 1781 ei
601 1760 645 1782 ex
678 1746 851 1783 febribus
884 1748 1079 1784 acciderit.
1131 1749 1239 1796 QuId
1273 1760 1366 1797 ergo
1402 1750 1482 1783 est?
1515 1751 1546 1784 si
1585 1748 1680 1796 quid
1717 1750 1765 1782 sit
1792 1750 1910 1782 animi
1938 1750 1990 1781 vi·

329 1820 424 1853 tium
458 1816 553 1858 tale,
597 1825 639 1852 ut
664 1816 706 1851 id
733 1829 754 1852 a
781 1817 984 1853 venditore
1011 1820 1383 1865 excipioporteret‚
1425 1830 1557 1868 neque
1584 1817 1625 1852 id
1652 1818 1854 1858 venditor,
1902 1829 1989 1852 cum

330 1891 466 1929 sciret,
501 1890 816 1935 pronuntiasset:
858 1900 907 1922 ex·
930 1897 1061 1935 empto
1082 1876 1179 1923 ‘eum
1206 1892 1341 1924 teneri.

182 1961 216 2010 ξ.
244 1973 301 1998 10.
334 1960 442 1995 Idem
470 1960 653 1994 vivianus
681 1962 754 2001 ait,
791 1960 962 2007 quamvis
991 1959 1205 2008 aliquando
1234 1962 1318 2008 quis
1347 1960 1567 1995 eircavfana
1594 1959 1807 1996 bacchatus
1833 1963 1902 2000 sit,
1950 1970 1990 1995 et

332 2042 519 2078 responsa
544 2029 778 2072 reddiderit,
822 2039 968 2073 tamen,
1003 2033 1034 2066 si
1062 2043 1169 2067 nunc
1196 2028 1272 2066 hoc
1299 2043 1381 2066 non
1408 2030 1546 2073 faciat,
1588 2030 1740 2067 nullum
1771 2033 1901 2067 vitium
1935 2043 1991 2067 es·

331 2112 406 2135 se:.
437 2112 571 2148 nequo
599 2113 645 2136 eo
672 2103 853 2144 nomine,
894 2100 1002 2150 quod
1029 2101 1244 2150 aliquando
1272 2101 1312 2135 id
1338 2103 1448 2144 fecit,
1481 2104 1582 2136 actio
1612 2111 1691 2136 est:
1727 2104 1838 2136 sicuti
1866 2104 1895 2136 si
1924 2102 1994 2135 ali·

334 2170 494 2218 quando
519 2170 668 2206 febrem
695 2169 841 2207 habuit.
894 2172 1073 2207 Ceterum
1102 2174 1133 2206 si
1158 2170 1282 2206 nihilo
1310 2174 1433 2206 minus
1460 2180 1709 2218 permaneret
1736 2174 1777 2205 in
1807 2183 1853 2206 eo
1885 2174 1989 2213 vitio,

329 2249 374 2275 ut
401 2243 500 2275 circa
526 2240 617 2276 fana
646 2240 829 2277 bacchari
854 2241 1013 2285 soleret,
1049 2251 1088 2277 ot
1115 2244 1224 2291 quasi
1243 2240 1405 2281 demens
1433 2252 1619 2288 responsa
1645 2241 1778 2282 darer,
1816 2244 1930 2276 etiam
1960 2245 1990 2276 oi

332 2322 405 2357 per
431 2310 620 2345 luxuriam
648 2312 688 2346 id
715 2311 860 2347 factum
887 2322 963 2353 est,
1011 2315 1145 2348 vitium
1172 2322 1301 2347 tamen
1328 2323 1427 2352 esse,
1465 2311 1542 2346 sed.
1563 2313 1697 2345 vitium
1726 2314 1866 2353 animi,
1907 2324 1991 2347 non

335 2383 536 2427 corporis:
577 2381 750 2430 ideoque
784 2382 980 2419 redhiberi
1014 2395 1098 2419 non
1131 2395 1266 2431 posse:
1308 2384 1491 2430 quoniam
1519 2382 1675 2418 Aediles
1705 2381 1755 2417 de
1780 2382 1993 2430 corporali-

335 2448 413 2486 bus·
431 2450 801 2500 vitiis-loquuntur:
840 2463 1011 2492 attamen
1039 2467 1082 2491 ex
1109 2464 1212 2490 emto
1241 2455 1432 2488 actionem
1463 2452 1643 2488 admittit.

1427 2536 1449 2548 G

1426 2553 1449 2560 -
