2231 2796
260 164 320 210 μ
1062 162 1308 196 ====

453 283 504 309 an
531 273 575 308 vei
606 269 860 308 interdictum
897 270 1125 319 competat?
1175 270 1227 307 Et
1261 280 1319 308 est
1353 272 1459 322 apud
1491 273 1702 313 vivianum
1728 275 1958 328 'saepisslme
1993 281 2095 319 1012.

451 351 554 385 tum,
597 341 734 378 heredi
770 349 995 389 competere
1029 340 1105 377 hoc
1136 341 1387 378 interdictum
1421 345 1521 387 eius,
1557 347 1668 395 quod
1697 348 1959 386 anteradttam
1987 349 2097 388 here·

453 412 615 448 ditatem
642 411 789 447 factum
816 413 875 446 sit.
926 410 1011 447 Nec
1037 411 1205 454 reserre,
1234 411 1368 449 Labeo
1397 415 1471 457 ait,
1511 414 1621 465 quod
1645 427 1730 453 non
1755 421 1906 463 scierit,
1934 418 2096 470 qui'he·

449 482 562 518 redes
598 481 721 516 futuri
754 489 905 522 essent;
948 479 1025 517 hoc
1062 484 1164 516 enim
1195 494 1314 528 posse
1348 495 1465 531 quem
1500 488 1649 521 causari
1683 489 1797 523 etiam
1831 497 1924 537 post
1950 491 2096 526 aditam

453 552 724 588 hereditatem,
782 552 843 586 Ne
873 551 972 586 illud
1007 551 1164 599 quidem
1194 551 1374 593 obstare,
1415 553 1550 590 Labeo
1581 559 1653 598 ait,
1703 558 1812 606 quod
1839 571 1888 594 eo
1916 568 2095 609 tempore

450 635 568 659 nemo
601 622 782 656 dominus
818 621 957 655 faerit:
1001 633 1092 656 nam
1121 631 1159 656 et
1184 622 1382 669 sepulchri
1407 635 1525 659 nemo
1555 625 1734 662 dominus
1761 628 1857 671 fuit,
1896 639 1934 664 et
1964 639 2096 667 tamen

455 696 486 729 si
521 692 617 740 quid
649 695 690 727 in
725 704 773 726 eo
808 690 895 733 ssat,
940 693 1104 738 experiri
1139 704 1318 738 possum,
1366 693 1475 742 quod
1498 697 1537 729 -vi
1566 704 1633 731 aut
1662 695 1777 734 clam.
1834 699 1998 735 Accedit
2024 701 2095 750 his,

445 761 563 811 quod
596 760 791 796 hereditas
832 760 1016 795 dominae
1052 761 1183 796 locum
1214 761 1368 798 obtinet
1394 772 1434 798 et
1458 773 1565 799 recte
1594 764 1745 801 dicetur
1771 765 1908 802 heredi
1935 781 2097 817 qnoque

455 840 679 879 competere
700 856 709 871 ‚
758 840 796 865 et
833 834 968 866 ceteris
1004 831 1320 874 successoribus,
1364 836 1444 869 sive
1474 843 1684 885 antequam
1719 840 1973 882 successerit,
2014 841 2094 875 sive

450 911 591 950 postea
619 901 770 950 aliquid
797 903 845 936 sit
871 904 907 935 vi
937 911 1004 936 aut
1031 902 1130 937 clam
1158 903 1380 940 admissum.

1131 975 1162 1017 §.
1198 972 1226 1008 Ι.

445 1043 575 1079 Rectis
614 1040 847 1090 quibusdam
884 1041 1286 1090 argumentationibus
1320 1055 1449 1090 pauca
1485 1045 1703 1092 quaedam,
1746 1060 1848 1097 quae
1875 1047 1935 1085 'ad
1961 1050 2093 1086 Vivia.

268 1129 365 1157 num
384 1142 395 1161 ,
435 1124 476 1150 et
500 1125 582 1154 uno
611 1124 657 1147 ex
684 1111 760 1148 hoc
784 1115 992 1160 percipere
1019 1113 1112 1148 licet
1137 1113 1367 1161 [ragmeuto.

382 1187 416 1225 I.
455 1186 547 1220 Non
582 1195 723 1231 parum
758 1182 855 1225 fuit,
902 1182 1011 1230 quod
1038 1184 1224 1219 Vivianus
1263 1183 1463 1232 quondam
1499 1186 1590 1220 iuris
1618 1184 1766 1221 fecerat
1791 1185 1954 1233 publici.
2014 1189 2093 1225 Per

451 1267 492 1291 se
527 1255 630 1288 enim
665 1263 825 1287 necesse
864 1260 948 1293 est,
995 1253 1138 1288 multos
1179 1253 1480 1299 amplissimosve
1517 1256 1597 1290 eius
1633 1255 1751 1290 fuisse
1788 1254 1939 1299 libros,
1987 1257 2094 1306 apud

454 1336 571 1372 quem
599 1335 677 1357 una
707 1321 924 1369 eademque
949 1335 1008 1357 res
1036 1335 1241 1359 ssepxssmr:
1268 1322 1404 1359 relata.

371 1395 419 1434 ΙΙ.
450 1394 663 1429 Recensuit
696 1391 909 1439 retulitque
942 1392 1129 1428 vivianus
1169 1403 1300 1427 causas
1337 1399 1376 1427 et
1410 1393 1582 1440 species‚·
1618 1400 1662 1427 ut
1688 1392 1782 1428 mihi
1813 1393 1960 1443 duplici
1989 1395 2094 1432 vide-

453 1474 518 1500 tur
544 1476 589 1498 ex
616 1465 784 1498 ratione.

519 1545 552 1571 1.
588 1533 627 1567 Si
662 1531 884 1566 tradidisset
910 1531 1030 1566 modo
1060 1531 1283 1567 doctrinas:
1327 1529 1411 1566 fieri
1436 1533 1497 1566 vix
1525 1542 1570 1566 ac
1595 1542 1647 1566 ne
1674 1532 1735 1565 vix
1763 1532 1919 1580 quidem
1948 1536 2089 1582 potuit,

575 1603 742 1639 eandem
778 1614 859 1636 rem
896 1611 939 1636 ut
973 1614 1179 1637 sAtmssmss
1209 1601 1387 1640 referret.
1452 1601 1520 1636 Sin
1546 1612 1674 1634 rerum
1703 1611 1931 1649 argumenta
1961 1615 2094 1638 causa..

575 1685 661 1709 rum
690 1670 945 1720 singularium
971 1671 1178 1706 illustravit
1205 1670 1411 1719 exemplis:
1437 1682 1524 1706 non
1546 1672 1681 1718 potuit
1706 1672 1801 1719 quin
1829 1683 1908 1707 uno
1938 1672 2092 1709 eodem-

575 1755 654 1792 que
683 1750 914 1791 argumento
944 1743 1098 1788 saepius
1125 1750 1302 1776 uteretur
1327 1744 1368 1776 in
1398 1733 1655 1776 decernendis
1682 1739 1797 1775 rebus
1825 1742 2026 1779 similibus.

515 1828 553 1854 2.
578 1814 667 1861 Ipse
691 1813 884 1860 leianus
911 1811 1091 1850 tradidit,
1118 1812 1198 1859 Qu.
1220 1811 1429 1847 Ant-istium
1453 1810 1700 1855 Labeonem,
1727 1824 1917 1847 summum
1943 1813 2091 1857 ICtum,

575 1882 743 1919 eandem
784 1881 962 1917 docuisse
999 1881 1238 1924 doctrinam,
1280 1880 1526 1931 eandemque
1560 1879 1780 1917 defendisse
1818 1881 1918 1918 adeo
1955 1892 2090 1920 contra

570 1954 757 2000 plurimas
796 1951 1070 1988 dubitationes.
1126 1951 1244 1991 Hem,
1289 1951 1385 1998 quid
1422 1962 1568 1998 quaeso
1601 1962 1761 1992 causae,
1804 1963 1873 1985 cur
1897 1952 2088 1998 leianus

573 2033 660 2057 non
692 2021 935 2069 adquieverit
961 2022 1002 2056 in
1026 2019 1238 2056 Labeone?
1283 2033 1405 2068 quare
1439 2022 1598 2066 pra'eter
1631 2018 1735 2055 hunc
1761 2020 1916 2056 Viviani
1952 2036 2089 2058 evoca·

570 2091 669 2125 verit
696 2090 860 2125 Manes?
893 2091 968 2125 nisi
992 2089 1104 2138 quod
1127 2089 1196 2124 ille
1221 2089 1346 2126 solam
1376 2088 1480 2124 forte
1509 2087 1723 2124 tradiderat
1749 2088 1989 2132 doctrinam;
2020 2091 2084 2128 hic

574 2159 763 2206 exemplis
795 2159 1015 2201 firmaverat
1045 2162 1344 2206 responsi-sque,
1382 2158 1556 2205 leiano
1585 2157 1635 2193 ob
1661 2147 1792 2193 rerum
1820 2168 1912 2194 ante
1939 2161 2086 2195 iudica·

575 2235 702 2264 tarum
731 2230 1002 2265 auctoritatem
1028 2228 1226 2265 forensem
1252 2226 1412 2264 utilibus
1439 2216 1557 2277 atque
1585 2229 1820 2276 conspicuis.

348 2300 412 2339 m.
446 2298 604 2335 viviani
629 2310 780 2335 nomen
801 2300 846 2335 in
872 2310 1014 2349 magna
1041 2298 1148 2346 apud
1176 2306 1347 2342 veteres,
1381 2299 1424 2335 in
1448 2300 1613 2334 maxima
1641 2297 1748 2346 apud
1773 2295 1986 2346 leianum
2012 2297 2088 2334 fuit

452 2369 731 2429 observantia,
772 2373 879 2411 iuxta
915 2370 1173 2409 Labeonem,
1215 2381 1452 2418 quacunque
1486 2382 1532 2405 ex
1568 2381 1683 2405 causa
1701 2394 1713 2412 ,
1757 2370 1811 2404 ita
1838 2367 1969 2405 tamen
1994 2381 2087 2418 pro·

448 2441 686 2488 nuntiatum,
