2231 2796
265 197 314 228 12
1029 190 1270 219 Ξ

260 292 340 339 τῶν
366 287 622 348 Φαντασιῶν
648 297 832 338 ludibria,
885 298 1003 332 Cuius
1039 296 1222 331 vocabuli
1246 300 1329 331 -vim
1367 297 1527 345 quidam
1559 309 1643 333 non
1668 308 1781 334 -recte
1817 295 2076 346 percipientes

259 372 472 422 legendum
508 367 729 414 putabantt
775 380 1051 407 anmranmm,
1096 375 1138 400 ut
1172 366 1405 401 Holoander
1441 377 1603 401 testatur
1639 371 1676 402 in
1714 372 1886 417 margine
1927 382 1964 415 p.
1994 371 2082 417 749.

261 444 340 480 Sed
375 454 453 491 quo
484 437 582 473 nihil
617 439 913 478 inconcinnius,
957 450 1043 472 cum
1070 439 1124 471 sic
1151 439 1306 483 penitus
1335 437 1463 471 deleta
1492 447 1589 473 esset
1616 438 1682 472 illa
1711 448 1799 473 satis
1827 438 1985 474 definita
2012 440 2080 473 Vi-

260 515 365 549 viani
402 512 526 545 ratio!
580 509 700 549 Nam,
747 505 813 540 ubi
848 518 920 553 per
955 506 1056 541 solas
1090 508 1235 553 ingenii
1265 499 1462 553 animique
1488 510 1526 541 in
1550 519 1683 542 rerum
1711 506 1941 555 imaginibus
1970 508 2079 543 luxu-

258 584 394 619 riantis
421 580 670 627 praestigias,
713 586 750 610 et
778 589 823 609 ex
852 576 945 610 anili
975 575 1143 622 quadam
1171 577 1471 620 superstitione,
1509 575 1626 609 homo
1653 575 1726 610 sibi
1754 586 2000 622 persuaserat
2029 578 2078 612 de

260 654 381 690 futuri
416 646 669 697 praedicendi
708 645 955 693 canendique
988 643 1202 678 facultate:
1256 653 1349 679 tunc
1386 648 1502 679 animi
1536 647 1670 679 vitium
1704 643 1781 679 hoc
1815 655 1897 688 est,
1945 647 2077 693 qualia

261 731 351 761 sunt
384 720 498 769 plura
536 719 753 752 anitnolum
781 718 898 755 vitia,
943 726 1045 762 quae
1073 725 1109 748 n
1104 712 1170 748 hil
1199 725 1337 748 causae
1367 713 1461 749 dant.
1487 712 1827 750 redhibitionibus.
1879 714 1968 751 Vno
1995 728 2080 751 ver·

259 795 327 836 bo,
356 792 577 825 Stoicorum
605 798 763 820 xxsmrex
765 799 863 826 rma,
892 785 956 818 de
976 796 1053 832 qua
1073 783 1188 827 infra)
1219 783 1380 831 aliquod
1408 796 1547 831 genus:
1572 791 1644 818 και
1668 793 1719 823 ecc
1741 792 1811 825 της
1829 769 2076 831 υποληψιος

262 861 548 910 (opininionis,
583 856 705 891 lfllsae
741 855 940 891 cuiusdam
975 855 1258 900 persuasionis)
1296 861 1321 898 q
1362 861 1491 900 μαιιᾳ
1530 843 1702 900 μοῦνον,
1751 862 1808 890 τα
1859 838 1904 888 δε
1946 841 2077 890 a'Moe.

258 919 544 980 σωφςονεουῐι
602 927 659 960 uti
696 924 744 959 de
779 923 973 958 simillimo
1011 924 1180 968 quodun
1212 922 1432 956 dementiae
1459 935 1602 970 genere
1631 932 1733 959 tenet
1764 925 1949 959 Aretaeus
1979 927 2082 973 Cap-

258 999 393 1048 padox
424 995 473 1029 de
499 994 635 1028 Causis
665 1002 702 1026 et
723 995 840 1039 signis
866 991 1093 1025 morborum
1124 991 1393 1023 diuini-narum
1423 991 1507 1024 Lib.
1534 992 1563 1028 Ι.
1604 994 1700 1038 Cap,
1729 993 1792 1028 VI.
1822 996 1862 1027 in
1888 992 1913 1028 f.
1943 1006 1987 1028 ex
2015 1007 2080 1029 au-

259 1081 327 1106 rea
354 1065 570 1103 Hermanni
595 1061 797 1099 Boerhave
825 1059 998 1097 editione
1024 1058 1147 1109 Lugd.
1173 1059 1306 1095 Batav.
1338 1066 1445 1107 173¹-
1472 1072 1508 1108 p.
1529 1068 1591 1105 35.

1113 1249 1146 1294 ς.
1186 1247 1234 1285 V.

445 1343 540 1376 Cum
591 1337 776 1385 profandi
824 1337 953 1371 studio
995 1338 1181 1371 vivianus
1230 1339 1439 1373 rectissime
1482 1347 1633 1371 morem
1686 1341 1888 1374 coniunxit
1938 1353 2079 1377 cnm-ts

260 1423 467 1451 nemum:
515 1411 662 1458 quippe
698 1409 799 1441 inter
835 1408 1029 1454 principes
1066 1407 1363 1450 monacorum,
1401 1409 1442 1442 in
1470 1404 1636 1456 Cybeles
1664 1408 1916 1450 sacerdotio,
1958 1410 2079 1457 plane

262 1483 543 1520 domesticum:
596 1486 638 1512 ut.
685 1490 729 1511 ex
762 1479 847 1521 ipso
883 1479 1044 1510 nomine
1081 1474 1274 1524 Cybeles,
1328 1475 1438 1524 quod
1479 1487 1500 1509 a
1542 1479 1678 1523 capitis
1724 1482 1921 1514 rotatione
1963 1483 2081 1522 venit,

259 1538 352 1590 α’πδ
377 1543 456 1598 uic
481 1536 739 1594 κυβιςησεως
767 1532 839 1586 τῆς
867 1532 1066 1588 κεφαλῖς
1082 1566 1089 1582 -,
1124 1557 1198 1580 nec
1226 1557 1307 1580 non
1342 1557 1387 1580 ex
1416 1548 1642 1581 testimoniis
1670 1547 1878 1590 Varronis,
1909 1549 2078 1596 Apuleii,

260 1624 455 1660 Luciani,
502 1618 798 1666 Chrysostomi,
849 1625 968 1662 atque
1005 1614 1263 1664 Hieronymi,
1308 1615 1460 1651 Isaacus
1499 1614 1755 1652 Casaubonus
1790 1618 1979 1664 perdocte
2014 1619 2081 1655 de·

262 1692 513 1730 monstravit,
554 1696 634 1722 tum
665 1686 715 1721 ad
742 1685 870 1720 locum
896 1683 997 1718 Aelii
1024 1683 1238 1729 Lampridii
1265 1684 1314 1719 de
1342 1683 1543 1720 Antonino
1571 1685 1842 1735 Heliogabalo.
1881 1688 1977 1735 Cap.
1996 1688 2078 1725 VII.

444 1763 485 1794 in
523 1756 631 1803 ejusd
674 1756 756 1790 Not
803 1753 1027 1788 ac'Ernend
1075 1756 1112 1787 in
1151 1754 1346 1789 Historiae
1378 1755 1577 1803 Augustae
1614 1756 1811 1803 Scriptore
1848 1770 1939 1798 sex,
1976 1771 2080 1807 quae

443 1827 710 1863 Salmasianae
751 1823 916 1860 editioni
943 1821 1083 1858 horum
1107 1821 1226 1860 Paris.
1255 1824 1364 1860 1620.
1393 1826 1436 1859 in
1462 1824 1488 1862 f.
1515 1824 1748 1862 subiunctae
1774 1836 1891 1870 sunt,
1930 1840 1972 1875 p.
1996 1830 2080 1875 146.

441 1895 623 1944 Adpend.

265 1984 346 2010 turn
380 1973 423 2005 in
452 1963 803 2003 Exercitationibus
839 1963 888 1998 de
917 1962 1049 2000 Rebus
1075 1965 1191 2000 sacris
1219 1971 1258 1998 et
1288 1963 1558 2000 ecclesiasticis
1585 1964 1691 2001 XVI.
1726 1964 1777 1999 ad
1801 1965 1961 2002 Baronii
1987 1967 2081 2005 Pro-

262 2043 468 2090 legomena
498 2039 538 2071 in
564 2034 736 2070 Annales
763 2032 943 2068 Francos.
972 2034 1071 2075 1615
1109 2033 1218 2071 Excr.
1243 2033 1347 2070 XIV.
1371 2033 1469 2072 Nro.
1491 2033 1548 2067 IX
1580 2045 1619 2079 p.
1647 2041 1733 2081 237.
1765 2041 1852 2079 238,

445 2108 530 2141 Nec
563 2108 634 2140 iste
662 2107 755 2138 ritus
790 2106 830 2137 in
857 2103 1030 2150 Magnae
1055 2101 1190 2136 Matris
1217 2103 1346 2136 Deum
1375 2102 1581 2137 conclusus
1610 2113 1692 2139 erat
1718 2117 1825 2141 sacra
1854 2115 1971 2155 atque
1998 2121 2080 2157 my-

266 2180 402 2221 steria,
438 2175 507 2212 sed
533 2174 608 2209 fuit
634 2173 751 2208 decus
780 2170 985 2220 quoddam
1010 2177 1216 2206 commune
1242 2169 1506 2207 Fatidicotum
1531 2171 1855 2227 Sibyllarumque.
1920 2177 1984 2214 De
2013 2175 2079 2214 hn-

268 2259 355 2284 mm
384 2245 517 2294 aliqua
543 2242 726 2291 Virgilius
753 2240 837 2277 Lib.
863 2239 919 2274 VI
955 2239 1118 2274 Aeneid.
1147 2251 1181 2274 v.
1208 2244 1269 2286 47.
1295 2244 1357 2286 48.

765 2329 814 2339 —
840 2321 960 2350 „non
986 2309 1136 2352 vultus,
1171 2320 1253 2346 non
1282 2309 1394 2346 color
1419 2323 1517 2348 unus
1533 2316 1558 2335 “

450 2393 565 2426 „nou
592 2391 744 2416 conus
772 2390 1006 2415 naussum·
1032 2391 1179 2421 coum:
1213 2379 1283 2415 sed
1308 2389 1442 2428 pectus
1471 2381 1653 2421 anhelum
1664 2388 1690 2406 “

267 2458 328 2496 Ita
355 2463 396 2495 et
422 2452 604 2491 Tibullus
630 2449 717 2492 Lib.
742 2450 790 2490 11.
816 2449 984 2501 Elegiar.
1009 2449 1117 2501 meg.
1143 2449 1191 2488 V.
1217 2463 1251 2499 ν,
1277 2452 1336 2490 66.
