2167 2780
167 210 217 251 18
958 213 1199 240 a

342 318 534 355 hlartialis
562 318 650 355 Lib.
678 318 732 353 VI
770 318 872 368 Epig
910 317 1053 356 XLVI.

403 390 613 438 „Vapulat
641 389 805 426 adsiduo
836 391 980 426 Veneti
1008 391 1197 440 quadriga
1226 390 1406 442 flagello,

404 474 515 503 „nec
545 464 664 496 currit
688 481 738 492 ι-

339 532 448 568 Idem
478 532 527 567 de
556 544 659 580 equo
688 531 775 568 Lib.
797 532 902 571 XIV.
931 533 1059 580 Epigr.
1087 532 1167 567 LV.

409 601 627 643 „Proficies
656 601 754 636 nihil
783 601 879 643 hoc,
920 602 1059 637 caedas
1089 602 1181 636 licet
1208 615 1332 650 usque
1354 601 1516 651 flagello
1528 609 1555 626 “

404 674 467 707 De
496 675 605 721 equis
634 672 819 721 Virgilius
847 685 1010 721 quoque
1037 673 1233 708 Aeneidos
1259 673 1332 708 Lib
1374 673 1423 710 V.
1459 687 1492 709 ν.
1520 681 1608 723 578.
1635 681 1722 722 579.

821 746 1007 793 „signum
1038 743 1209 778 clamore
1237 746 1418 791 pa-ratis“

408 812 628 860 „Epytides
655 813 776 861 longe
803 814 934 856 dedit,
974 817 1228 862 insonuitque
1256 813 1450 862 flagello“

342 902 461 938 Vnde
502 906 618 937 etiam
654 906 920 939 iumentorum
945 906 1152 952 castigatio
1183 903 1281 940 haec
1305 904 1427 953 plane
1453 915 1613 940 si-:nvrus
1642 913 1744 949 erat,
1785 905 1987 954 mancipiis

164 989 251 1013 cum
280 976 409 1023 primo
439 986 600 1022 quoque
627 977 804 1009 iumento
833 977 1108 1022 aequiparatis.

343 1065 573 1107 Terentius,
612 1066 652 1099 in
677 1063 845 1111 Adelph.
883 1065 968 1099 Act,
997 1064 1042 1099 11.
1080 1064 1190 1098 Scen,
1225 1073 1256 1099 t.
1286 1075 1318 1097 v.
1352 1071 1414 1106 23.

567 1136 638 1172 Ae.
667 1154 711 1164 -
744 1148 867 1183 usque
898 1136 948 1170 ad
976 1148 1112 1169 necem
1141 1136 1320 1181 operiere
1347 1134 1452 1169 loris.
1481 1135 1525 1172 C.
1556 1146 1662 1170 roms
1692 1136 1828 1172 unta?

345 1227 474 1274 Quem
504 1225 553 1260 ad
582 1226 715 1261 locum
741 1235 850 1261 vetus
881 1225 1138 1262 Scholiastes:
1186 1224 1323 1267 „Lora
1353 1226 1461 1272 apud
1489 1235 1636 1261 veteres
1663 1226 1774 1262 laura
1804 1226 1990 1264 diceban-

160 1329 184 1347 „
198 1311 281 1343 tur,
328 1311 348 1334 a
383 1298 497 1333 lauro
537 1296 852 1344 triumphorum:
899 1296 970 1332 sub
999 1309 1075 1346 qua
1108 1308 1188 1331 mos
1217 1305 1299 1330 erat
1330 1300 1502 1344 captivos
1530 1300 1688 1337 vinciri,
1725 1298 1894 1347 <lucique
1921 1311 1994 1346 per

158 1383 387 1421 „pompam.
426 1368 522 1402 Ideo
552 1377 681 1402 autem
713 1377 755 1402 ut
782 1367 1019 1403 conditionis
1045 1369 1356 1409 reminiscamur,
1384 1380 1490 1404 Loms
1520 1381 1742 1405 CAEDVNTVR
1770 1374 1991 1407 MANOEPJAJ‘

404 1458 584 1494 Terentii
612 1458 806 1495 Comoed.
841 1470 921 1494 una
960 1471 1048 1494 cum
1083 1455 1240 1494 scholiis
1280 1469 1326 1493 ex
1352 1458 1521 1501 Donati,
1555 1459 1713 1507 Asperi,
1759 1468 1798 1495 et
1825 1461 1990 1497 Cornuti

412 1529 711 1564 Commentariis
740 1529 955 1576 decerptis,

514 1619 691 1655 Basileae
723 1627 834 1664 1538.
868 1634 908 1668 p.
939 1634 1025 1658 212.

350 1710 395 1745 In
426 1722 594 1758 eamque
618 1723 701 1746 rem
731 1720 769 1746 et
796 1711 939 1746 claram
970 1709 1156 1745 habemus
1184 1709 1327 1759 lege'm.

539 1779 564 1816 l.
598 1792 654 1818 10.
682 1794 741 1829 pr.
769 1782 820 1819 D.
856 1781 905 1816 de
934 1781 1074 1817 Poenis
1111 1779 1304 1828 (XLVIII.
1334 1778 1415 1827 ¹9)

408 1871 580 1914 „Macer
605 1869 673 1908 lib.
699 1870 744 1908 Π.
773 1870 822 1907 de
850 1871 1016 1920 publicis
1046 1870 1212 1909 iudiciis.
1270 1870 1316 1905 In
1343 1881 1540 1905 servorum
1568 1880 1702 1918 poena
1729 1871 1781 1904 ita
1810 1867 1990 1904 observa·

410 1967 436 1982 „
449 1951 530 1984 tur,
571 1951 616 1977 ut
648 1942 827 1990 exemplo
862 1942 1113 1977 humiliorum
1138 1944 1373 1989 puniantur:
1419 1950 1458 1975 et
1485 1954 1531 1976 ex
1561 1940 1701 1988 quibus
1729 1942 1852 1975 causis
1878 1953 1989 1976 una

410 2027 612 2055 „fvsrmvs
650 2015 846 2057 caeditur,
885 2027 932 2050 ex
964 2013 1020 2050 his
1054 2026 1184 2050 stnvvs
1220 2024 1419 2049 umatus
1456 2022 1569 2064 egium
1606 2018 1646 2046 et
1679 2008 1841 2046 domino
1876 2008 1990 2046 reddi

413 2083 633 2128 „iubeturz
672 2094 711 2121 et
738 2098 783 2122 ex
808 2084 950 2135 quibus
977 2082 1078 2119 liber
1104 2081 1269 2119 fustibus
1299 2093 1433 2117 caesus
1462 2082 1504 2116 in
1530 2092 1627 2129 opus
1652 2079 1854 2128 publicum
1885 2081 1991 2116 dam-

410 2166 582 2200 ‚,natur‚
622 2169 667 2191 ex
703 2156 759 2193 his
787 2169 919 2193 servus
955 2154 1026 2191 sub
1062 2167 1193 2202 poena
1228 2153 1474 2190 vinculorum
1504 2152 1555 2188 ad
1581 2155 1661 2189 eius
1688 2154 1873 2201 temporis
1901 2164 1989 2201 spa-

406 2254 433 2270 ‚‚
445 2231 562 2271 tium,
602 2242 800 2265 immunis
830 2241 943 2264 cmm
973 2236 1012 2263 et
1041 2225 1202 2262 domino
1230 2223 1344 2261 reddi
1366 2223 1536 2262 iubetur.

354 2317 504 2366 Quibus
535 2324 770 2368 argumentis
798 2326 935 2367 patet,
970 2316 1184 2353 fructuario
1210 2314 1373 2367 flagellis
1402 2315 1566 2353 caedere
1590 2327 1740 2353 servum
1750 2340 1761 2362 2
1797 2316 1840 2351 in
1865 2326 1995 2351 usum«

168 2390 339 2425 fructum
367 2388 519 2430 datum,
553 2398 687 2437 aperta
717 2390 804 2439 lege
830 2391 971 2432 vetito,
1015 2400 1189 2431 servum,
1230 2388 1281 2423 ad
1304 2388 1559 2424 fructuarium
1588 2398 1692 2424 certe
1720 2387 1886 2423 relatum
1912 2397 1996 2422 non

169 2461 335 2508 amplius
370 2462 552 2496 iumentis
591 2461 930 2509 aequiparandum
966 2472 1071 2505 esse,
1115 2473 1191 2497 nec
1217 2461 1379 2497 omnino
1407 2460 1548 2503 rebus;
1589 2472 1724 2497 verum
1758 2461 1843 2496 iure
1869 2457 1993 2506 pleno
