2167 2780
959 316 995 364 ξ.
1039 317 1123 352 vn.

327 410 454 455 Quem
486 407 534 442 ad
560 407 721 443 modurn
748 406 818 442 Icti
847 406 1119 443 Romanorum
1145 407 1257 443 nullo
1286 408 1406 444 modo
1437 406 1639 460 dedignati
1664 420 1774 454 sunt,
1802 409 1974 447 eiusdem

143 484 199 516 rei
226 480 357 528 plures
385 482 618 528 investigare
646 480 819 513 rationes
839 503 848 519 ,
892 490 1024 527 neque
1052 482 1166 536 unius
1194 482 1247 514 rei
1277 482 1347 515 uni
1373 491 1513 516 causae
1539 479 1772 517 scholastico
1801 482 1974 532 quodam

142 553 399 589 inhaeserunt
432 565 517 585 cum
555 554 702 598 rigore:
742 553 797 585 ita
834 560 872 585 et
898 550 1091 598 leianus
1128 551 1244 586 aliam
1276 552 1477 599 quandam
1511 555 1619 590 istius
1646 557 1867 590 sententiae
1893 554 1970 589 alio

142 626 233 660 loco
263 622 436 658 reddidit
462 623 669 657 rationem.

243 695 270 732 1.
304 706 347 741 ²7
389 704 449 739 pr.
479 692 527 726 D.
557 691 606 726 de
630 690 804 726 Heredit.
835 693 945 738 petit.
976 689 1027 736 (V
1062 691 1112 735 5.)

381 762 575 809 leianus
610 761 712 796 libro
737 762 825 796 XV.
862 761 913 795 ad
941 761 1122 795 Edictum
1156 759 1434 801 „Ancillarum
1463 764 1578 797 etiam
1606 772 1766 810 partus,
1809 772 1848 799 et
1880 776 1971 810 par-

319 843 466 876 „tuum
492 841 650 881 partus,
688 843 927 881 quamquam
956 830 1104 866 fructus
1134 841 1217 865 esse
1244 841 1328 865 non
1356 831 1649 877 existimantur,
1687 835 1779 884 quia
1804 845 1887 870 non
1915 841 1972 869 te-

318 916 461 948 „mere
489 903 655 938 ancillae
685 906 765 937 eius
795 904 852 936 rei
880 913 997 936 causa
1025 910 1324 948 comparantur,
1369 910 1414 935 ut
1441 905 1620 949 pariant,
1666 913 1812 954 augent
1837 913 1968 940 tamen

317 975 660 1020 „hereditatemf‘

249 1094 252 1097 ‚
283 1047 372 1095 §pse
402 1055 532 1081 tamen
560 1043 780 1092 leianus,
825 1054 955 1078 secum
985 1049 1256 1090 comparatus,
1301 1054 1388 1078 cum
1417 1045 1572 1093 eisque,
1613 1057 1717 1095 quae
1745 1045 1848 1082 dicta
1874 1056 1965 1083 sunt

133 1125 161 1159 l.
187 1123 246 1163 63.
279 1131 338 1167 pr.
366 1119 402 1152 D
450 1116 500 1151 de
523 1115 680 1157 Vsusn,
723 1116 812 1149 satis
853 1125 1051 1161 superque
1086 1112 1336 1161 significavit,
1378 1116 1599 1162 principem
1635 1119 1715 1152 eius
1753 1119 1808 1152 rei
1842 1121 1964 1153 ratio-

130 1205 220 1229 nem
249 1189 325 1225 hoc
355 1187 514 1237 quidem
542 1186 633 1221 loco
662 1184 879 1225 redditam;
922 1187 996 1219 isto
1024 1192 1154 1218 autem
1182 1196 1264 1218 rem
1295 1182 1424 1219 obiter
1449 1184 1570 1220 modo
1599 1194 1825 1230 tractatam,
1861 1188 1963 1224 solo-

133 1276 210 1313 que
243 1267 424 1308 respectu
460 1257 648 1306 placandi
675 1257 899 1297 fructuarii,
940 1266 1028 1289 cum
1054 1254 1185 1289 videat
1211 1266 1251 1289 se
1281 1255 1510 1290 ancillarum
1537 1256 1727 1304 partubus
1756 1261 1962 1305 privatum,

129 1336 224 1371 licet
259 1330 519 1374 hereditatem
553 1325 798 1377 augentibus.
852 1327 945 1374 Quo
979 1325 1106 1360 solum
1144 1324 1270 1359 tendit
1297 1325 1392 1374 legis
1421 1339 1481 1374 27.
1517 1339 1577 1374 pr.
1603 1328 1655 1365 D.
1687 1327 1737 1363 de
1763 1329 1854 1368 Her.
1880 1339 1963 1377 pet.

132 1402 449 1456 argumentati03
493 1411 595 1449 quae
628 1406 673 1433 ut
700 1396 932 1433 secundaria
961 1395 1184 1445 quaedam,
1234 1405 1273 1431 et
1300 1409 1344 1431 ex
1374 1396 1566 1445 peculiari
1593 1398 1767 1447 quodam
1797 1400 1959 1437 consilio

129 1476 356 1515 subiuncta,
403 1470 612 1506 toleranda
645 1468 767 1504 modo
805 1471 899 1509 erit;
945 1480 1020 1503 nec
1051 1477 1184 1503 tamen
1209 1476 1254 1503 ut
1279 1470 1418 1510 unica,
1462 1478 1506 1503 ut
1531 1472 1737 1517 princeps,
1782 1483 1959 1521 unquam

128 1551 217 1587 satis
248 1555 378 1581 rerum
407 1554 540 1577 earum
569 1542 724 1576 curioso
754 1539 857 1574 foret
883 1538 1048 1575 factura.
1090 1539 1192 1573 Nam
1221 1546 1260 1572 et
1285 1550 1430 1585 pecora
1456 1537 1626 1586 plurima
1652 1538 1849 1576 habentur
1874 1555 1959 1579 non

129 1629 173 1655 ut
215 1618 402 1665 pariant3
455 1612 526 1648 sed
567 1621 610 1646 ut
651 1622 792 1658 operas
829 1610 1038 1644 conferant
1079 1609 1129 1643 ad
1169 1608 1359 1644 colendos
1398 1621 1531 1657 agros,
1581 1612 1957 1662 stercorandosque;

130 1700 175 1727 ut
205 1690 289 1729 lac,
335 1693 381 1719 ut
408 1682 542 1718 lanam
569 1682 794 1730 similesque
823 1680 971 1716 fructus
1000 1678 1228 1722 exhibeant;
1271 1688 1310 1715 et
1346 1679 1442 1729 quid
1469 1680 1711 1728 impediebat
1734 1685 1855 1720 civem
1880 1685 1960 1722 Ro.

126 1772 311 1800 manum,
357 1767 438 1805 quo
482 1755 610 1790 minus
655 1751 839 1802 pariendi
875 1751 937 1788 vel
971 1752 1138 1788 maxime
1173 1762 1290 1788 causa
1325 1760 1572 1801 compararet
1605 1751 1848 1805 haberetque
1889 1768 1953 1795 an-

131 1833 237 1871 cillas
254 1831 268 1865 ?

969 1996 1004 2040 §.
1036 1992 1138 2032 v111.
1174 1964 1228 2011 0

309 2086 569 2122 Communem
614 2084 724 2121 illam
768 2085 903 2128 Bruti,
960 2083 1076 2129 Gaii,
1125 2085 1290 2134 leiani
1332 2079 1526 2122 rationem
1567 2083 1748 2135 plerique
1780 2085 1953 2124 Ictorum

128 2159 281 2193 summis
311 2157 513 2206 quondam
541 2155 765 2194 extulerunt
790 2154 987 2198 laudibus,
1018 2164 1061 2190 ut
1087 2168 1178 2192 vere
1204 2155 1429 2199 humanam,
1455 2164 1500 2191 ut
1525 2158 1857 2204 sapientissimam.
1892 2158 1952 2194 Ita

126 2230 465 2265 Commentatores
495 2227 545 2263 ad
574 2231 608 2274 ς.
632 2236 695 2278 37.
722 2228 753 2265 J.
782 2227 832 2263 de
858 2227 949 2263 Rer.
977 2226 1099 2264 Divis.
1129 2227 1355 2263 Franciscus
1380 2226 1528 2264 Broeus
1556 2236 1595 2264 et
1621 2227 1739 2265 sunus
1769 2241 1789 2265 a
1818 2229 1954 2270 Costa5

123 2301 179 2337 M.
204 2299 386 2336 Aurelius
415 2299 614 2336 Galvanus
643 2299 693 2336 de
719 2298 947 2337 Vsufructu.
976 2298 1074 2347 Cap.
1099 2298 1244 2335 XXIX.
1275 2297 1460 2336 Genevae
1492 2300 1602 2349 1676.
1629 2307 1775 2349 p.389.
1801 2309 1840 2337 et
1865 2298 1953 2350 plu-

121 2384 164 2408 ra
201 2372 345 2407 Sacrae
382 2371 606 2419 Scripturae
640 2370 728 2406 loca
760 2374 803 2406 in
838 2369 1071 2406 firmandam
1104 2355 1425 2421 laudandamque
1458 2373 1655 2422 congessit
1683 2371 1792 2407 Bruti
1835 2381 1954 2422 atque

124 2444 214 2479 Gaii
238 2444 568 2479 enuntiationem.
615 2442 699 2478 Nec
725 2450 904 2490 spectata
931 2450 989 2478 est
1017 2440 1065 2477 ab
1095 2440 1169 2478 hac
1194 2444 1452 2491 interpretum
1479 2442 1628 2480 familia
1656 2442 1788 2493 aliqua
1811 2444 1952 2480 szrus

93 2535 97 2539 ·
121 2516 243 2559 ratio,
278 2513 349 2552 sed
371 2513 517 2557 modo,
556 2524 659 2563 quae
689 2512 738 2549 2⁴.
766 2511 1071 2558 humanitatem,
1105 2526 1208 2564 quae
1235 2513 1286 2551 ad
1311 2527 1464 2552 morum
1491 2514 1724 2553 doctrinam.
