2231 2796
254 156 308 197 28
1073 163 1314 180 ⁸¹·—

446 275 524 311 „at
552 279 643 304 vero
677 268 833 316 (lnquit)
865 267 1025 315 quando
1052 275 1142 315 post
1160 266 1312 303 obitum
1341 267 1494 306 heredis
1523 270 1712 307 codicillis
1740 273 1913 321 legatum
1944 278 2099 314 confert

449 346 674 380 „testatur
712 347 889 384 superest
917 347 1048 372 tamen
1075 337 1326 378 substitutus,
1373 351 1393 374 a
1421 352 1501 388 quo
1528 340 1664 376 deberi
1688 345 1812 388 possit
1840 361 1887 371 -
1915 365 1962 374 -—
1989 348 2096 383 unde

448 431 474 448 ,.,
493 418 514 440 a
549 405 763 441 substitutis
799 407 929 455 legata
958 406 1094 442 deberi
1123 406 1280 442 dicebat
1306 406 1485 447 sabinus.
1535 411 1622 446 Hoc
1648 422 1918 460 argumentum
1946 428 2096 452 ponus-

448 489 603 518 „smvm
631 485 707 516 est,
743 490 822 525 quo
852 477 977 517 forte,
1007 491 1036 512 ε]
1064 490 1240 519 nemer,
1279 480 1394 512 etiam
1422 489 1558 516 contra
1589 482 1815 517 Scaevolam
1844 497 2022 521 mnsam

427 534 520 594 Quo
549 545 707 594 quidem
734 557 914 595 respectu
944 547 1161 596 disquisitio
1185 546 1283 584 haec
1307 559 1394 585 non
1417 550 1582 600 indigna
1613 561 1693 595 est,
1735 564 1836 601 quae
1869 553 2095 592 subiiciatur

267 629 473 653 navarrus
500 628 785 654 rnAaLacrioM.

1125 797 1157 843 ς.
1198 797 1247 836 V.

451 884 640 931 Principis
671 883 832 918 alicuius
860 883 1020 932 regulae
1049 885 1099 919 ad
1124 888 1267 930 instar,
1301 890 1455 924 monuit
1481 889 1688 924 Scaevola:

511 966 594 988 non
624 962 715 988 ante
739 956 832 988 iuris
857 958 1072 995 rationem,
1108 967 1223 1002 qnam
1251 969 1460 1003 personam
1489 958 1753 1005 quaerendam
1782 971 1876 997 esse.

455 1023 569 1069 Quae
594 1022 727 1071 regula
755 1022 934 1070 quidem,
961 1026 1188 1059 recentiorIs
1217 1024 1492 1074 philosophiae
1518 1025 1739 1071 vocabulis,
1770 1028 1973 1080 aliquanto
2001 1030 2090 1067 bar-

270 1089 371 1127 baris
398 1092 576 1135 reddita,
610 1092 709 1127 nihil
740 1092 903 1139 amplius
931 1092 1004 1128 sibi
1031 1094 1132 1136 vult,
1168 1107 1303 1142 quam:

447 1174 532 1198 non
569 1171 661 1197 ante
697 1161 815 1210 legati
849 1175 1080 1199 OBIEC'HVAM
1115 1164 1343 1212 qualitatem
1377 1165 1698 1213 ponderandam,
1742 1179 1858 1216 quam
1893 1167 1961 1203 ubi
1995 1174 2086 1206 satis

452 1235 692 1274 constiterit,
735 1232 783 1267 de
812 1245 1028 1269 svau-:crtvo
1056 1243 1250 1281 respectu.

271 1309 337 1336 aut
368 1301 478 1352 quod
505 1302 606 1338 idem
638 1311 712 1337 est:

456 1385 540 1407 eam
566 1375 854 1420 quaestionem,
890 1383 992 1420 quae
1021 1372 1071 1407 ad
1098 1384 1295 1408 rumosam
1323 1381 1494 1420 spectet,
1525 1382 1603 1409 tam
1631 1377 1734 1416 eius,
1762 1387 1821 1410 ενι
1849 1387 1964 1424 quam
1993 1380 2086 1419 eius,

452 1456 476 1478 Α
502 1443 588 1487 'Qvo
623 1441 800 1478 relictum
836 1444 884 1477 sit
918 1441 1115 1499 legatum,
1159 1445 1274 1479 totius
1311 1443 1454 1492 legati,
1492 1452 1530 1479 et
1556 1447 1720 1480 maxime
1749 1445 1924 1482 utilitatis
1954 1448 2084 1496 legati,

450 1514 581 1548 facere
610 1513 834 1551 discrimen:
867 1515 908 1546 in
937 1524 1063 1559 eaque
1089 1524 1276 1547 summam
1303 1515 1376 1546 vim
1406 1513 1594 1547 inclusam
1623 1525 1704 1548 esse
1729 1526 1968 1550 PnAfflvmctt.

421 1582 642 1618 Prudenter
678 1602 724 1612 —
759 1594 810 1617 ne
846 1581 994 1625 dicam,
1037 1583 1198 1618 callide!
1226 1602 1274 1612 —
1303 1581 1353 1617 ab
1382 1595 1429 1618 eo
1456 1585 1594 1629 incipit
1620 1584 1830 1625 Scaevola,
1876 1586 1982 1632 quod
2015 1600 2085 1633 per

267 1661 309 1685 se
337 1650 507 1695 clarum,
535 1652 644 1702 quod
672 1654 938 1688 certissimum.

450 1723 528 1764 „Si
565 1734 613 1757 eo
648 1731 870 1768 tempore,·
898 1733 978 1768 quo
1016 1720 1132 1754 alicui
1169 1720 1340 1767 legatum
1377 1719 1689 1763 adscribebantur,
1730 1723 1773 1756 in
1806 1719 1920 1758 rebus
1949 1720 2084 1760 huma-

449 1793 544 1834 „nis
572 1803 656 1827 non
683 1800 786 1832 erat,
819 1803 893 1839 pro
919 1802 1004 1826 non
1029 1791 1175 1837 scripto
1205 1787 1281 1825 hoc
1308 1788 1535 1827 habebatur.
1549 1796 1573 1813 “

593 1861 806 1908 leianus,
836 1864 878 1895 in
905 1861 931 1895 l.
959 1867 995 1906 4.
1022 1860 1072 1894 D.
1102 1859 1150 1894 de
1176 1857 1257 1901 his,
1295 1871 1397 1908 quae
1422 1872 1496 1908 pro
1522 1871 1606 1896 non
1631 1862 1761 1907 script.
1807 1859 2002 1904 (XXXIV.
2030 1864 2084 1914 3.)

450 1931 607 1980 „Quod
630 1935 661 1968 si
691 1934 745 1974 ei,
777 1934 844 1980 qui
870 1940 961 1979 post
989 1939 1263 1966 testamentum
1290 1922 1462 1973 factum,
1491 1940 1530 1966 et
1556 1939 1767 1978 antequam
1798 1931 1968 1967 codicilli
1993 1938 2083 1970 scri.

450 2001 696 2046 „berentur,
733 2010 907 2037 mortuus
936 2008 1056 2044 esset,
1095 1999 1228 2035 datum
1258 2009 1383 2043 esset,
1418 2012 1491 2047 pro
1518 2011 1603 2052 non
1629 2001 1773 2047 scripto
1797 1997 1976 2041 habetur,

573 2072 766 2116 Julianus,
800 2073 842 2107 in
866 2070 893 2109 1.
915 2083 947 2107 2.
975 2071 1007 2117 §.
1031 2082 1062 2106 1.
1089 2070 1177 2120 Dig.
1204 2068 1240 2107 h.
1269 2078 1293 2106 t.

450 2142 605 2179 Exinde
639 2152 768 2178 autem
796 2141 986 2178 Scaevola
1020 2140 1069 2175 de
1105 2153 1152 2176 eo
1189 2147 1510 2188 argumentatur,
1543 2150 1568 2174 A
1593 2151 1668 2183 Qvo
1697 2139 1875 2176 relictum
1902 2144 1950 2177 sit
1976 2142 2080 2192 lega-

265 2218 377 2254 tum;
421 2225 471 2249 An
513 2225 617 2257 qvam
654 2221 816 2249 testator
850 2210 1063 2248 contulerit
1103 2222 1342 2252 sermonem,
1395 2222 1498 2253 Qvau
1528 2211 1681 2245 iusserit
1716 2210 1810 2245 dare
1836 2210 1985 2259 aliquid
2012 2222 2079 2248 aut

269 2281 424 2323 facere3
476 2285 765 2333 rectissimeque
795 2282 913 2320 docet
946 2280 1061 2318 simili
1097 2292 1141 2317 ex
1174 2283 1348 2325 ratione,
1396 2288 1435 2316 et
1455 2292 1554 2318 avuc
1580 2281 1623 2317 in
1647 2278 1763 2317 rebus
1790 2278 1966 2319 humanis
1996 2295 2079 2320 esse

269 2351 427 2392 debere.
